@article{Ananthakrishnan_2015,
	doi = {10.1038/nrgastro.2015.34},
	url = {https://doi.org/10.1038%2Fnrgastro.2015.34},
	year = 2015,
	month = {mar},
	publisher = {Springer Nature},
	volume = {12},
	number = {4},
	pages = {205--217},
	author = {Ashwin N. Ananthakrishnan},
	title = {Epidemiology and risk factors for {IBD}},
	journal = {Nature Reviews Gastroenterology {\&} Hepatology}
}

@article{Ardizzone_2016,
	doi = {10.1177/1756283x16636781},
	url = {https://doi.org/10.1177%2F1756283x16636781},
	year = 2016,
	month = {mar},
	publisher = {{SAGE} Publications},
	volume = {9},
	number = {4},
	pages = {527--532},
	author = {S. Ardizzone and G. Bevivino and G. Monteleone},
	title = {Mongersen, an oral Smad7 antisense oligonucleotide, in patients with active Crohns disease},
	journal = {Therapeutic Advances in Gastroenterology}
}

@article{Baert_2010,
	doi = {10.1053/j.gastro.2009.09.056},
	url = {https://doi.org/10.1053%2Fj.gastro.2009.09.056},
	year = 2010,
	month = {feb},
	publisher = {Elsevier {BV}},
	volume = {138},
	number = {2},
	pages = {463--468},
	author = {Filip Baert and Liesbeth Moortgat and Gert Van Assche and Philip Caenepeel and Philippe Vergauwe and Martine De Vos and Pieter Stokkers and Daniel Hommes and Paul Rutgeerts and Severine Vermeire and Geert D'Haens},
	title = {Mucosal Healing Predicts Sustained Clinical Remission in Patients With Early-Stage Crohn{\textquotesingle}s Disease},
	journal = {Gastroenterology}
}

@article{Baxter_2016,
	doi = {10.1186/s13073-016-0290-3},
	url = {https://doi.org/10.1186%2Fs13073-016-0290-3},
	year = 2016,
	month = {apr},
	publisher = {Springer Nature},
	volume = {8},
	number = {1},
	author = {Nielson T. Baxter and Mack T. Ruffin and Mary A. M. Rogers and Patrick D. Schloss},
	title = {Microbiota-based model improves the sensitivity of fecal immunochemical test for detecting colonic lesions},
	journal = {Genome Medicine}
}

@article{Boon_2015,
	doi = {10.3748/wjg.v21.i40.11469},
	url = {https://doi.org/10.3748%2Fwjg.v21.i40.11469},
	year = 2015,
	publisher = {Baishideng Publishing Group Inc.},
	volume = {21},
	number = {40},
	pages = {11469},
	author = {Gudula JAM Boon},
	title = {Are faecal markers good indicators of mucosal healing in inflammatory bowel disease?},
	journal = {World Journal of Gastroenterology}
}

@article{Boyapati_2015,
	doi = {10.12703/p7-44},
	url = {https://doi.org/10.12703%2Fp7-44},
	year = 2015,
	month = {apr},
	publisher = {Faculty of 1000, Ltd.},
	volume = {7},
	author = {Ray Boyapati and Jack Satsangi and Gwo Tzer Ho},
	title = {Pathogenesis of Crohn{\textquotesingle}s disease},
	journal = {F1000Prime Reports}
}

@article{Breiman_2001,
	doi = {10.1023/a:1010933404324},
	url = {https://doi.org/10.1023%2Fa%3A1010933404324},
	year = 2001,
	publisher = {Springer Nature},
	volume = {45},
	number = {1},
	pages = {5--32},
	author = {Leo Breiman},
	journal = {Machine Learning}
}

@article{Calle_2011,
	doi = {10.1159/000330778},
	url = {https://doi.org/10.1159%2F000330778},
	year = 2011,
	publisher = {S. Karger {AG}},
	volume = {72},
	number = {2},
	pages = {121--132},
	author = {M. Luz Calle and Victor Urrea and Anne-Laure Boulesteix and Nuria Malats},
	title = {{AUC}-{RF}: A New Strategy for Genomic Profiling with Random Forest},
	journal = {Human Heredity}
}

@article{Chang_2015,
	doi = {10.3748/wjg.v21.i40.11246},
	url = {https://doi.org/10.3748%2Fwjg.v21.i40.11246},
	year = 2015,
	publisher = {Baishideng Publishing Group Inc.},
	volume = {21},
	number = {40},
	pages = {11246},
	author = {Shannon Chang},
	title = {Disease monitoring in inflammatory bowel disease},
	journal = {World Journal of Gastroenterology}
}

@article{Colombel_2015,
	doi = {10.1111/apt.13139},
	url = {https://doi.org/10.1111%2Fapt.13139},
	year = 2015,
	month = {mar},
	publisher = {Wiley-Blackwell},
	volume = {41},
	number = {8},
	pages = {734--746},
	author = {J.-F. Colombel and W. Reinisch and G. J. Mantzaris and A. Kornbluth and P. Rutgeerts and K. L. Tang and A. Oortwijn and G. S. Bevelander and F. J. Cornillie and W. J. Sandborn},
	title = { Randomised clinical trial: deep remission in biologic and immunomodulator na√Øve patients with Crohn{\textquotesingle}s disease - a {SONIC} post hoc analysis },
	journal = {Alimentary Pharmacology {\&} Therapeutics}
}

@article{Edgar_2011,
	doi = {10.1093/bioinformatics/btr381},
	url = {https://doi.org/10.1093%2Fbioinformatics%2Fbtr381},
	year = 2011,
	month = {jun},
	publisher = {Oxford University Press ({OUP})},
	volume = {27},
	number = {16},
	pages = {2194--2200},
	author = {R. C. Edgar and B. J. Haas and J. C. Clemente and C. Quince and R. Knight},
	title = {{UCHIME} improves sensitivity and speed of chimera detection},
	journal = {Bioinformatics}
}

@article{Floyd_2014,
	doi = {10.1007/s10620-014-3368-z},
	url = {https://doi.org/10.1007%2Fs10620-014-3368-z},
	year = 2014,
	month = {sep},
	publisher = {Springer Nature},
	volume = {60},
	number = {2},
	pages = {299--312},
	author = {David N. Floyd and Sue Langham and H{\'{e}}l{\`{e}}ne Chevrou S{\'{e}}verac and Barrett G. Levesque},
	title = {The Economic and Quality-of-Life Burden of Crohn's Disease in Europe and the United States, 2000 to 2013: A Systematic Review},
	journal = {Digestive Diseases and Sciences}
}

@article{Gevers_2014,
	doi = {10.1016/j.chom.2014.02.005},
	url = {https://doi.org/10.1016%2Fj.chom.2014.02.005},
	year = 2014,
	month = {mar},
	publisher = {Elsevier {BV}},
	volume = {15},
	number = {3},
	pages = {382--392},
	author = {Dirk Gevers and Subra Kugathasan and Lee~A. Denson and Yoshiki V{\'{a}}zquez-Baeza and Will Van~Treuren and Boyu Ren and Emma Schwager and Dan Knights and Se~Jin Song and Moran Yassour and Xochitl~C. Morgan and Aleksandar~D. Kostic and Chengwei Luo and Antonio Gonz{\'{a}}lez and Daniel McDonald and Yael Haberman and Thomas Walters and Susan Baker and Joel Rosh and Michael Stephens and Melvin Heyman and James Markowitz and Robert Baldassano and Anne Griffiths and Francisco Sylvester and David Mack and Sandra Kim and Wallace Crandall and Jeffrey Hyams and Curtis Huttenhower and Rob Knight and Ramnik~J. Xavier},
	title = {The Treatment-Naive Microbiome in New-Onset Crohn's Disease},
	journal = {Cell Host {\&} Microbe}
}

@article{Haag_2015,
	doi = {10.3389/fimmu.2015.00489},
	url = {https://doi.org/10.3389%2Ffimmu.2015.00489},
	year = 2015,
	month = {sep},
	publisher = {Frontiers Media {SA}},
	volume = {6},
	author = {Lea-Maxie Haag and Britta Siegmund},
	title = {Intestinal Microbiota and the Innate Immune System {\textendash} A Crosstalk in Crohn's Disease Pathogenesis},
	journal = {Frontiers in Immunology}
}

@article{Haberman_2014,
	doi = {10.1172/jci75436},
	url = {https://doi.org/10.1172%2Fjci75436},
	year = 2014,
	month = {jul},
	publisher = {American Society for Clinical Investigation},
	volume = {124},
	number = {8},
	pages = {3617--3633},
	author = {Yael Haberman and Timothy L. Tickle and Phillip J. Dexheimer and Mi-Ok Kim and Dora Tang and Rebekah Karns and Robert N. Baldassano and Joshua D. Noe and Joel Rosh and James Markowitz and Melvin B. Heyman and Anne M. Griffiths and Wallace V. Crandall and David R. Mack and Susan S. Baker and Curtis Huttenhower and David J. Keljo and Jeffrey S. Hyams and Subra Kugathasan and Thomas D. Walters and Bruce Aronow and Ramnik J. Xavier and Dirk Gevers and Lee A. Denson},
	title = {Pediatric Crohn disease patients exhibit specific ileal transcriptome and microbiome signature},
	journal = {Journal of Clinical Investigation}
}

@article{Hansen_2012,
	doi = {10.1038/ajg.2012.335},
	url = {https://doi.org/10.1038%2Fajg.2012.335},
	year = 2012,
	month = {oct},
	publisher = {Springer Nature},
	volume = {107},
	number = {12},
	pages = {1913--1922},
	author = {Richard Hansen and Richard K Russell and Caroline Reiff and Petra Louis and Freda McIntosh and Susan H Berry and Indrani Mukhopadhya and W Michael Bisset and Andy R Barclay and Jon Bishop and Diana M Flynn and Paraic McGrogan and Sabarinathan Loganathan and Gamal Mahdi and Harry J Flint and Emad M El-Omar and Georgina L Hold},
	title = {Microbiota of De-Novo Pediatric {IBD}: Increased Faecalibacterium Prausnitzii and Reduced Bacterial Diversity in Crohn{\textquotesingle}s But Not in Ulcerative Colitis},
	journal = {The American Journal of Gastroenterology}
}

@article{Huang_2015,
	doi = {10.1097/mib.0000000000000332},
	url = {https://doi.org/10.1097%2Fmib.0000000000000332},
	year = 2015,
	month = {may},
	publisher = {Ovid Technologies (Wolters Kluwer Health)},
	volume = {21},
	number = {5},
	pages = {963--972},
	author = {Edmond Y. Huang and Takuya Inoue and Vanessa A. Leone and Sushila Dalal and Ketrija Touw and Yunwei Wang and Mark W. Musch and Betty Theriault and Kazuhide Higuchi and Sharon Donovan and Jack Gilbert and Eugene B. Chang},
	title = {Using Corticosteroids to Reshape the Gut Microbiome},
	journal = {Inflammatory Bowel Diseases}
}

@article{Kopylov_2014,
	doi = {10.1016/j.crohns.2014.06.005},
	url = {https://doi.org/10.1016%2Fj.crohns.2014.06.005},
	year = 2014,
	month = {nov},
	publisher = {Oxford University Press ({OUP})},
	volume = {8},
	number = {11},
	pages = {1516--1522},
	author = {U. Kopylov and W. Afif and A. Cohen and A. Bitton and G. Wild and T. Bessissow and J. Wyse and T. Al-Taweel and A. Szilagyi and E. Seidman},
	title = {Subcutaneous ustekinumab for the treatment of anti-{TNF} resistant Crohn{\textquotesingle}s disease{\textemdash}The {McGill} experience},
	journal = {Journal of Crohn{\textquotesingle}s and Colitis}
}

@article{Manichanh_2006,
	doi = {10.1136/gut.2005.073817},
	url = {https://doi.org/10.1136%2Fgut.2005.073817},
	year = 2006,
	month = {feb},
	publisher = {{BMJ}},
	volume = {55},
	number = {2},
	pages = {205--211},
	author = {C Manichanh},
	title = {Reduced diversity of faecal microbiota in Crohn{\textquotesingle}s disease revealed by a metagenomic approach},
	journal = {Gut}
}

@article{Molodecky_2012,
	doi = {10.1053/j.gastro.2011.10.001},
	url = {https://doi.org/10.1053%2Fj.gastro.2011.10.001},
	year = 2012,
	month = {jan},
	publisher = {Elsevier {BV}},
	volume = {142},
	number = {1},
	pages = {46--54.e42},
	author = {Natalie A. Molodecky and Ing Shian Soon and Doreen M. Rabi and William A. Ghali and Mollie Ferris and Greg Chernoff and Eric I. Benchimol and Remo Panaccione and Subrata Ghosh and Herman W. Barkema and Gilaad G. Kaplan},
	title = {Increasing Incidence and Prevalence of the Inflammatory Bowel Diseases With Time, Based on Systematic Review},
	journal = {Gastroenterology}
}

@article{Monteleone_2016,
	doi = {10.1111/apt.13526},
	url = {https://doi.org/10.1111%2Fapt.13526},
	year = 2016,
	month = {jan},
	publisher = {Wiley-Blackwell},
	volume = {43},
	number = {6},
	pages = {717--724},
	author = {G. Monteleone and A. Di Sabatino and S. Ardizzone and F. Pallone and K. Usiskin and X. Zhan and G. Rossiter and M. F. Neurath},
	title = {Impact of patient characteristics on the clinical efficacy of mongersen ({GED}-0301), an oral Smad7 antisense oligonucleotide, in active Crohn{\textquotesingle}s disease},
	journal = {Alimentary Pharmacology {\&} Therapeutics}
}

@article{Monteleone_2015,
	doi = {10.1056/nejmoa1407250},
	url = {https://doi.org/10.1056%2Fnejmoa1407250},
	year = 2015,
	month = {mar},
	publisher = {New England Journal of Medicine ({NEJM}/{MMS})},
	volume = {372},
	number = {12},
	pages = {1104--1113},
	author = {Giovanni Monteleone and Markus F. Neurath and Sandro Ardizzone and Antonio Di Sabatino and Massimo C. Fantini and Fabiana Castiglione and Maria L. Scribano and Alessandro Armuzzi and Flavio Caprioli and Giacomo C. Sturniolo and Francesca Rogai and Maurizio Vecchi and Raja Atreya and Fabrizio Bossa and Sara Onali and Maria Fichera and Gino R. Corazza and Livia Biancone and Vincenzo Savarino and Roberta Pica and Ambrogio Orlando and Francesco Pallone},
	title = {Mongersen, an {OralSMAD}7Antisense Oligonucleotide, and Crohn's Disease},
	journal = {New England Journal of Medicine}
}

@article{Naftali_2016,
	doi = {10.1097/mib.0000000000000662},
	url = {https://doi.org/10.1097%2Fmib.0000000000000662},
	year = 2016,
	month = {feb},
	publisher = {Ovid Technologies (Wolters Kluwer Health)},
	volume = {22},
	number = {2},
	pages = {293--302},
	author = {Timna Naftali and Leah Reshef and Amir Kovacs and Ron Porat and Itay Amir and Fred M. Konikoff and Uri Gophna},
	title = {Distinct Microbiotas are Associated with Ileum-Restricted and Colon-Involving Crohn's Disease},
	journal = {Inflammatory Bowel Diseases}
}

@article{Orava_2013,
	doi = {10.1021/cb3003557},
	url = {https://doi.org/10.1021%2Fcb3003557},
	year = 2013,
	month = {jan},
	publisher = {American Chemical Society ({ACS})},
	volume = {8},
	number = {1},
	pages = {170--178},
	author = {Erik W. Orava and Nick Jarvik and Yuen Lai Shek and Sachdev S. Sidhu and Jean Gari{\'{e}}py},
	title = {A Short {DNA} Aptamer That Recognizes {TNF}$\upalpha$ and Blocks Its Activityin Vitro},
	journal = {{ACS} Chemical Biology}
}

@article{Papa_2012,
	doi = {10.1371/journal.pone.0039242},
	url = {https://doi.org/10.1371%2Fjournal.pone.0039242},
	year = 2012,
	month = {jun},
	publisher = {Public Library of Science ({PLoS})},
	volume = {7},
	number = {6},
	pages = {e39242},
	author = {Eliseo Papa and Michael Docktor and Christopher Smillie and Sarah Weber and Sarah P. Preheim and Dirk Gevers and Georgia Giannoukos and Dawn Ciulla and Diana Tabbaa and Jay Ingram and David B. Schauer and Doyle V. Ward and Joshua R. Korzenik and Ramnik J. Xavier and Athos Bousvaros and Eric J. Alm},
	editor = {Jacques Ravel},
	title = {Non-Invasive Mapping of the Gastrointestinal Microbiota Identifies Children with Inflammatory Bowel Disease},
	journal = {{PLoS} {ONE}}
}

@article{Randall_2015,
	doi = {10.1177/1756283x15576462},
	url = {https://doi.org/10.1177%2F1756283x15576462},
	year = 2015,
	month = {may},
	publisher = {{SAGE} Publications},
	volume = {8},
	number = {3},
	pages = {143--159},
	author = {Charles W. Randall and John A. Vizuete and Nicholas Martinez and John J. Alvarez and Karthik V. Garapati and Mazyar Malakouti and Carlo M. Taboada},
	title = {From historical perspectives to modern therapy: a review of current and future biological treatments for Crohn's disease},
	journal = {Therapeutic Advances in Gastroenterology}
}

@article{Sandborn_2008,
	doi = {10.1053/j.gastro.2008.07.014},
	url = {https://doi.org/10.1053%2Fj.gastro.2008.07.014},
	year = 2008,
	month = {oct},
	publisher = {Elsevier {BV}},
	volume = {135},
	number = {4},
	pages = {1130--1141},
	author = {William J. Sandborn and Brian G. Feagan and Richard N. Fedorak and Ellen Scherl and Mark R. Fleisher and Seymour Katz and Jewel Johanns and Marion Blank and Paul Rutgeerts},
	title = {A Randomized Trial of Ustekinumab, a Human Interleukin-12/23 Monoclonal Antibody, in Patients With Moderate-to-Severe Crohn{\textquotesingle}s Disease},
	journal = {Gastroenterology}
}

@article{Sandborn_2012,
	doi = {10.1056/nejmoa1203572},
	url = {https://doi.org/10.1056%2Fnejmoa1203572},
	year = 2012,
	month = {oct},
	publisher = {New England Journal of Medicine ({NEJM}/{MMS})},
	volume = {367},
	number = {16},
	pages = {1519--1528},
	author = {William J. Sandborn and Christopher Gasink and Long-Long Gao and Marion A. Blank and Jewel Johanns and Cynthia Guzzo and Bruce E. Sands and Stephen B. Hanauer and Stephan Targan and Paul Rutgeerts and Subrata Ghosh and Willem J.S. de Villiers and Remo Panaccione and Gordon Greenberg and Stefan Schreiber and Simon Lichtiger and Brian G. Feagan},
	title = {Ustekinumab Induction and Maintenance Therapy in Refractory Crohn{\textquotesingle}s Disease},
	journal = {New England Journal of Medicine}
}

@article{Sartor_2006,
	doi = {10.1038/ncpgasthep0528},
	url = {https://doi.org/10.1038%2Fncpgasthep0528},
	year = 2006,
	month = {jul},
	publisher = {Springer Nature},
	volume = {3},
	number = {7},
	pages = {390--407},
	author = {R Balfour Sartor},
	title = {Mechanisms of Disease: pathogenesis of Crohn{\textquotesingle}s disease and ulcerative colitis},
	journal = {Nature Clinical Practice Gastroenterology {\&} Hepatology}
}

@article{Sartor_2017,
	doi = {10.1053/j.gastro.2016.10.012},
	url = {https://doi.org/10.1053%2Fj.gastro.2016.10.012},
	year = 2017,
	month = {jan},
	publisher = {Elsevier {BV}},
	volume = {152},
	number = {2},
	pages = {327--339.e4},
	author = {R. Balfour Sartor and Gary D. Wu},
	title = {Roles for Intestinal Bacteria, Viruses, and Fungi in Pathogenesis of Inflammatory Bowel Diseases and Therapeutic Approaches},
	journal = {Gastroenterology}
}

@article{Schloss_2011,
	doi = {10.1371/journal.pone.0027310},
	url = {https://doi.org/10.1371%2Fjournal.pone.0027310},
	year = 2011,
	month = {dec},
	publisher = {Public Library of Science ({PLoS})},
	volume = {6},
	number = {12},
	pages = {e27310},
	author = {Patrick D. Schloss and Dirk Gevers and Sarah L. Westcott},
	editor = {Jack Anthony Gilbert},
	title = {Reducing the Effects of {PCR} Amplification and Sequencing Artifacts on 16S {rRNA}-Based Studies},
	journal = {{PLoS} {ONE}}
}

@article{Schloss_2011,
	doi = {10.1128/aem.02810-10},
	url = {https://doi.org/10.1128%2Faem.02810-10},
	year = 2011,
	month = {mar},
	publisher = {American Society for Microbiology},
	volume = {77},
	number = {10},
	pages = {3219--3226},
	author = {P. D. Schloss and S. L. Westcott},
	title = {Assessing and Improving Methods Used in Operational Taxonomic Unit-Based Approaches for 16S {rRNA} Gene Sequence Analysis},
	journal = {Applied and Environmental Microbiology}
}

@article{Segata_2011,
	doi = {10.1186/gb-2011-12-6-r60},
	url = {https://doi.org/10.1186%2Fgb-2011-12-6-r60},
	year = 2011,
	publisher = {Springer Nature},
	volume = {12},
	number = {6},
	pages = {R60},
	author = {Nicola Segata and Jacques Izard and Levi Waldron and Dirk Gevers and Larisa Miropolsky and Wendy S Garrett and Curtis Huttenhower},
	title = {Metagenomic biomarker discovery and explanation},
	journal = {Genome Biology}
}

@article{Tedjo_2016,
	doi = {10.1038/srep35216},
	url = {https://doi.org/10.1038%2Fsrep35216},
	year = 2016,
	month = {oct},
	publisher = {Springer Nature},
	volume = {6},
	pages = {35216},
	author = {Danyta. I. Tedjo and Agnieszka Smolinska and Paul H. Savelkoul and Ad A. Masclee and Frederik J. van Schooten and Marieke J. Pierik and John Penders and Daisy M. A. E. Jonkers},
	title = {The fecal microbiota as a biomarker for disease activity in Crohn's disease},
	journal = {Scientific Reports}
}

@article{Vandeputte_2015,
	doi = {10.1136/gutjnl-2015-309618},
	url = {https://doi.org/10.1136%2Fgutjnl-2015-309618},
	year = 2015,
	month = {jun},
	publisher = {{BMJ}},
	volume = {65},
	number = {1},
	pages = {57--62},
	author = {Doris Vandeputte and Gwen Falony and Sara Vieira-Silva and Raul Y Tito and Marie Joossens and Jeroen Raes},
	title = {Stool consistency is strongly associated with gut microbiota richness and composition, enterotypes and bacterial growth rates},
	journal = {Gut}
}

@article{Wang_2016,
	doi = {10.1016/j.celrep.2015.12.088},
	url = {https://doi.org/10.1016%2Fj.celrep.2015.12.088},
	year = 2016,
	month = {feb},
	publisher = {Elsevier {BV}},
	volume = {14},
	number = {4},
	pages = {945--955},
	author = {Feng Wang and Jess L. Kaplan and Benjamin D. Gold and Manoj K. Bhasin and Naomi L. Ward and Richard Kellermayer and Barbara S. Kirschner and Melvin B. Heyman and Scot E. Dowd and Stephen B. Cox and Haluk Dogan and Blaire Steven and George D. Ferry and Stanley A. Cohen and Robert N. Baldassano and Christopher J. Moran and Elizabeth A. Garnett and Lauren Drake and Hasan H. Otu and Leonid A. Mirny and Towia A. Libermann and Harland S. Winter and Kirill S. Korolev},
	title = {Detecting Microbial Dysbiosis Associated with Pediatric Crohn Disease Despite the High Variability of the Gut Microbiota},
	journal = {Cell Reports}
}

@article{Wang_2007,
	doi = {10.1128/aem.00062-07},
	url = {https://doi.org/10.1128%2Faem.00062-07},
	year = 2007,
	month = {jun},
	publisher = {American Society for Microbiology},
	volume = {73},
	number = {16},
	pages = {5261--5267},
	author = {Q. Wang and G. M. Garrity and J. M. Tiedje and J. R. Cole},
	title = {Naive Bayesian Classifier for Rapid Assignment of {rRNA} Sequences into the New Bacterial Taxonomy},
	journal = {Applied and Environmental Microbiology}
}

@article{Wils_2016,
	doi = {10.1016/j.cgh.2015.09.018},
	url = {https://doi.org/10.1016%2Fj.cgh.2015.09.018},
	year = 2016,
	month = {feb},
	publisher = {Elsevier {BV}},
	volume = {14},
	number = {2},
	pages = {242--250.e2},
	author = {Pauline Wils and Yoram Bouhnik and Pierre Michetti and Bernard Flourie and Hedia Brixi and Anne Bourrier and Matthieu Allez and Bernard Duclos and Jean-Charles Grimaud and Anthony Buisson and Aur{\'{e}}lien Amiot and Mathurin Fumery and Xavier Roblin and Laurent Peyrin-Biroulet and J{\'{e}}r{\^{o}}me Filippi and Guillaume Bouguen and Vered Abitbol and Benoit Coffin and Marion Simon and David Laharie and Benjamin Pariente},
	title = {Subcutaneous Ustekinumab Provides Clinical Benefit for Two-Thirds of Patients With Crohn's Disease Refractory to Anti{\textendash}Tumor Necrosis Factor Agents},
	journal = {Clinical Gastroenterology and Hepatology}
}

@article{Wright_2015,
	doi = {10.1097/mib.0000000000000382},
	url = {https://doi.org/10.1097%2Fmib.0000000000000382},
	year = 2015,
	month = {apr},
	publisher = {Ovid Technologies (Wolters Kluwer Health)},
	pages = {1},
	author = {Emily K. Wright and Michael A. Kamm and Shu Mei Teo and Michael Inouye and Josef Wagner and Carl D. Kirkwood},
	title = {Recent Advances in Characterizing the Gastrointestinal Microbiome in Crohn's Disease},
	journal = {Inflammatory Bowel Diseases}
}

@article{Yue_2005,
	doi = {10.1080/sta-200066418},
	url = {https://doi.org/10.1080%2Fsta-200066418},
	year = 2005,
	month = {nov},
	publisher = {Informa {UK} Limited},
	volume = {34},
	number = {11},
	pages = {2123--2131},
	author = {Jack C. Yue and Murray K. Clayton},
	title = {A Similarity Measure Based on Species Proportions},
	journal = {Communications in Statistics - Theory and Methods}
}

@article{Zackular_2014,
	doi = {10.1158/1940-6207.capr-14-0129},
	url = {https://doi.org/10.1158%2F1940-6207.capr-14-0129},
	year = 2014,
	month = {aug},
	publisher = {American Association for Cancer Research ({AACR})},
	volume = {7},
	number = {11},
	pages = {1112--1121},
	author = {J. P. Zackular and M. A. M. Rogers and M. T. Ruffin and P. D. Schloss},
	title = {The Human Gut Microbiome as a Screening Tool for Colorectal Cancer},
	journal = {Cancer Prevention Research}
}