@article{Ananthakrishnan2015,
   author = {Ananthakrishnan, A. N.},
   title = {Epidemiology and risk factors for IBD},
   journal = {Nat Rev Gastroenterol Hepatol},
   volume = {12},
   number = {4},
   pages = {205-217},
   ISSN = {1759-5053 (Electronic)1759-5045 (Linking)},
   DOI = {10.1038/nrgastro.2015.34},
   url = {http://dx.doi.org/10.1038/nrgastro.2015.34},
   year = {2015},
   type = {Journal Article}
}

@article{Ardizzone2016,
   author = {Ardizzone, S. and Bevivino, G. and Monteleone, G.},
   title = {Mongersen, an oral Smad7 antisense oligonucleotide, in patients with active Crohn's disease},
   journal = {Therap Adv Gastroenterol},
   volume = {9},
   number = {4},
   pages = {527-32},
   ISSN = {1756-283X (Print)1756-2848 (Electronic)},
   DOI = {10.1177/1756283x16636781},
   url = {http://dx.doi.org/10.1177/1756283x16636781},
   year = {2016},
   type = {Journal Article}
}

@article{Baert2010,
   author = {Baert, F. and Moortgat, L. and Van Assche, G. and Caenepeel, P. and Vergauwe, P. and De Vos, M. and Stokkers, P. and Hommes, D. and Rutgeerts, P. and Vermeire, S. and D'Haens, G.},
   title = {Mucosal healing predicts sustained clinical remission in patients with early-stage Crohn's disease},
   journal = {Gastroenterology},
   volume = {138},
   number = {2},
   pages = {463-8; quiz e10-1},
   ISSN = {0016-5085},
   DOI = {10.1053/j.gastro.2009.09.056},
   url = {http://dx.doi.org/10.1053/j.gastro.2009.09.056},
   year = {2010},
   type = {Journal Article}
}

@article{Baxter2016,
   author = {Baxter, N. T. and Ruffin, M. T. th and Rogers, M. A. and Schloss, P. D.},
   title = {Microbiota-based model improves the sensitivity of fecal immunochemical test for detecting colonic lesions},
   journal = {Genome Med},
   volume = {8},
   number = {1},
   pages = {37},
   ISSN = {1756-994x},
   DOI = {10.1186/s13073-016-0290-3},
   url = {http://dx.doi.org/10.1186/s13073-016-0290-3},
   year = {2016},
   type = {Journal Article}
}

@article{Boon2015,
   author = {Boon, G. J. and Day, A. S. and Mulder, C. J. and Gearry, R. B.},
   title = {Are faecal markers good indicators of mucosal healing in inflammatory bowel disease?},
   journal = {World J Gastroenterol},
   volume = {21},
   number = {40},
   pages = {11469-80},
   ISSN = {1007-9327},
   DOI = {10.3748/wjg.v21.i40.11469},
   url = {http://dx.doi.org/10.3748/wjg.v21.i40.11469},
   year = {2015},
   type = {Journal Article}
}

@article{Boyapati2015,
   author = {Boyapati, R. and Satsangi, J. and Ho, G. T.},
   title = {Pathogenesis of Crohn's disease},
   journal = {F1000Prime Rep},
   volume = {7},
   pages = {44},
   ISSN = {2051-7599},
   DOI = {10.12703/p7-44},
   url = {http://dx.doi.org/10.12703/p7-44},
   year = {2015},
   type = {Journal Article}
}

@article{Breiman2001,
   author = {Breiman, L.},
   title = {Random forests},
   journal = {Machine Learning},
   volume = {45},
   number = {1},
   pages = {5-32},
   ISSN = {0885-6125},
   url = {<Go to ISI>://000170489900001},
   year = {2001},
   type = {Journal Article}
}

@article{Calle2011,
   author = {Calle, M.L. and Urrea, V. and Boulesteix, A.-L. and Malats, N.},
   title = {AUC-RF: A New Strategy for Genomic Profiling with Random Forest},
   journal = {Human Heredity},
   volume = {72},
   number = {2},
   pages = {121-132},
   ISSN = {1423-0062},
   DOI = {10.1159/000330778},
   url = {http://www.karger.com/Article/Abstract/330778
http://www.karger.com/Article/FullText/330778
http://www.karger.com/Article/Pdf/330778},
   year = {2011},
   type = {Journal Article}
}

@article{Chang2015,
   author = {Chang, S. and Malter, L. and Hudesman, D.},
   title = {Disease monitoring in inflammatory bowel disease},
   journal = {World J Gastroenterol},
   volume = {21},
   number = {40},
   pages = {11246-59},
   ISSN = {1007-9327},
   DOI = {10.3748/wjg.v21.i40.11246},
   url = {http://dx.doi.org/10.3748/wjg.v21.i40.11246},
   year = {2015},
   type = {Journal Article}
}

@article{Colombel2015,
   author = {Colombel, J. F. and Reinisch, W. and Mantzaris, G. J. and Kornbluth, A. and Rutgeerts, P. and Tang, K. L. and Oortwijn, A. and Bevelander, G. S. and Cornillie, F. J. and Sandborn, W. J.},
   title = {Randomised clinical trial: deep remission in biologic and immunomodulator naive patients with Crohn's disease - a SONIC post hoc analysis},
   journal = {Aliment Pharmacol Ther},
   volume = {41},
   number = {8},
   pages = {734-46},
   ISSN = {0269-2813},
   DOI = {10.1111/apt.13139},
   url = {http://dx.doi.org/10.1111/apt.13139},
   year = {2015},
   type = {Journal Article}
}

@article{Edgar2011,
   author = {Edgar, R. C. and Haas, B. J. and Clemente, J. C. and Quince, C. and Knight, R.},
   title = {UCHIME improves sensitivity and speed of chimera detection},
   journal = {Bioinformatics},
   volume = {27},
   number = {16},
   pages = {2194-200},
   ISSN = {1367-4811 (Electronic)
1367-4803 (Linking)},
   DOI = {btr381 [pii]
10.1093/bioinformatics/btr381},
   url = {http://www.ncbi.nlm.nih.gov/entrez/query.fcgi?cmd=Retrieve&db=PubMed&dopt=Citation&list_uids=21700674},
   year = {2011},
   type = {Journal Article}
}

@article{Floyd2015,
   author = {Floyd, D. N. and Langham, S. and Severac, H. C. and Levesque, B. G.},
   title = {The economic and quality-of-life burden of Crohn's disease in Europe and the United States, 2000 to 2013: a systematic review},
   journal = {Dig Dis Sci},
   volume = {60},
   number = {2},
   pages = {299-312},
   ISSN = {0163-2116},
   DOI = {10.1007/s10620-014-3368-z},
   url = {http://dx.doi.org/10.1007/s10620-014-3368-z},
   year = {2015},
   type = {Journal Article}
}

@article{Gevers2014,
   author = {Gevers, D. and Kugathasan, S. and Denson, L. A. and Vazquez-Baeza, Y. and Van Treuren, W. and Ren, B. and Schwager, E. and Knights, D. and Song, S. J. and Yassour, M. and Morgan, X. C. and Kostic, A. D. and Luo, C. and Gonzalez, A. and McDonald, D. and Haberman, Y. and Walters, T. and Baker, S. and Rosh, J. and Stephens, M. and Heyman, M. and Markowitz, J. and Baldassano, R. and Griffiths, A. and Sylvester, F. and Mack, D. and Kim, S. and Crandall, W. and Hyams, J. and Huttenhower, C. and Knight, R. and Xavier, R. J.},
   title = {The treatment-naive microbiome in new-onset Crohn's disease},
   journal = {Cell Host Microbe},
   volume = {15},
   number = {3},
   pages = {382-92},
   ISSN = {1931-3128},
   DOI = {10.1016/j.chom.2014.02.005},
   url = {http://dx.doi.org/10.1016/j.chom.2014.02.005},
   year = {2014},
   type = {Journal Article}
}

@article{Haag2015,
   author = {Haag, L. M. and Siegmund, B.},
   title = {Intestinal Microbiota and the Innate Immune System - A Crosstalk in Crohn's Disease Pathogenesis},
   journal = {Front Immunol},
   volume = {6},
   pages = {489},
   ISSN = {1664-3224},
   DOI = {10.3389/fimmu.2015.00489},
   url = {http://dx.doi.org/10.3389/fimmu.2015.00489},
   year = {2015},
   type = {Journal Article}
}

@article{Haberman2014,
   author = {Haberman, Y. and Tickle, T. L. and Dexheimer, P. J. and Kim, M. O. and Tang, D. and Karns, R. and Baldassano, R. N. and Noe, J. D. and Rosh, J. and Markowitz, J. and Heyman, M. B. and Griffiths, A. M. and Crandall, W. V. and Mack, D. R. and Baker, S. S. and Huttenhower, C. and Keljo, D. J. and Hyams, J. S. and Kugathasan, S. and Walters, T. D. and Aronow, B. and Xavier, R. J. and Gevers, D. and Denson, L. A.},
   title = {Pediatric Crohn disease patients exhibit specific ileal transcriptome and microbiome signature},
   journal = {J Clin Invest},
   volume = {124},
   number = {8},
   pages = {3617-33},
   ISSN = {0021-9738},
   DOI = {10.1172/jci75436},
   url = {http://dx.doi.org/10.1172/jci75436},
   year = {2014},
   type = {Journal Article}
}

@article{Hansen2012,
   author = {Hansen, R. and Russell, R. K. and Reiff, C. and Louis, P. and McIntosh, F. and Berry, S. H. and Mukhopadhya, I. and Bisset, W. M. and Barclay, A. R. and Bishop, J. and Flynn, D. M. and McGrogan, P. and Loganathan, S. and Mahdi, G. and Flint, H. J. and El-Omar, E. M. and Hold, G. L.},
   title = {Microbiota of de-novo pediatric IBD: increased Faecalibacterium prausnitzii and reduced bacterial diversity in Crohn's but not in ulcerative colitis},
   journal = {Am J Gastroenterol},
   volume = {107},
   number = {12},
   pages = {1913-22},
   ISSN = {0002-9270},
   DOI = {10.1038/ajg.2012.335},
   url = {http://dx.doi.org/10.1038/ajg.2012.335},
   year = {2012},
   type = {Journal Article}
}

@article{Huang2015,
   author = {Huang, E. Y. and Inoue, T. and Leone, V. A. and Dalal, S. and Touw, K. and Wang, Y. and Musch, M. W. and Theriault, B. and Higuchi, K. and Donovan, S. and Gilbert, J. and Chang, E. B.},
   title = {Using corticosteroids to reshape the gut microbiome: implications for inflammatory bowel diseases},
   journal = {Inflamm Bowel Dis},
   volume = {21},
   number = {5},
   pages = {963-72},
   ISSN = {1078-0998},
   DOI = {10.1097/mib.0000000000000332},
   url = {http://dx.doi.org/10.1097/mib.0000000000000332},
   year = {2015},
   type = {Journal Article}
}

@article{Kopylov2014,
   author = {Kopylov, U. and Afif, W. and Cohen, A. and Bitton, A. and Wild, G. and Bessissow, T. and Wyse, J. and Al-Taweel, T. and Szilagyi, A. and Seidman, E.},
   title = {Subcutaneous ustekinumab for the treatment of anti-TNF resistant Crohn's disease--the McGill experience},
   journal = {J Crohns Colitis},
   volume = {8},
   number = {11},
   pages = {1516-22},
   ISSN = {1873-9946},
   DOI = {10.1016/j.crohns.2014.06.005},
   url = {http://dx.doi.org/10.1016/j.crohns.2014.06.005},
   year = {2014},
   type = {Journal Article}
}

@book{Magurran2004,
   author = {Magurran, Anne E.},
   title = {Measuring biological diversity},
   publisher = {Blackwell Pub.},
   address = {Malden, Ma.},
   ISBN = {0632056339 (pbk.)},
   year = {2004},
   type = {Book}
}

@article{Manichanh2006,
   author = {Manichanh, C. and Rigottier-Gois, L. and Bonnaud, E. and Gloux, K. and Pelletier, E. and Frangeul, L. and Nalin, R. and Jarrin, C. and Chardon, P. and Marteau, P. and Roca, J. and Dore, J.},
   title = {Reduced diversity of faecal microbiota in Crohn's disease revealed by a metagenomic approach},
   journal = {Gut},
   volume = {55},
   number = {2},
   pages = {205-11},
   ISSN = {0017-5749 (Print)0017-5749},
   DOI = {10.1136/gut.2005.073817},
   url = {http://dx.doi.org/10.1136/gut.2005.073817},
   year = {2006},
   type = {Journal Article}
}

@article{Mantzaris2015,
   author = {Mantzaris, G. J. and Viazis, N. and Polymeros, D. and Papamichael, K. and Bamias, G. and Koutroubakis, I. E.},
   title = {Clinical profiles of moderate and severe Crohn's disease patients and use of anti-tumor necrosis factor agents: Greek expert consensus guidelines},
   journal = {Ann Gastroenterol},
   volume = {28},
   number = {4},
   pages = {417-25},
   ISSN = {1108-7471 (Print)1108-7471},
   url = {http://dx.doi.org/},
   year = {2015},
   type = {Journal Article}
}

@article{Molodecky2012,
   author = {Molodecky, N. A. and Soon, I. S. and Rabi, D. M. and Ghali, W. A. and Ferris, M. and Chernoff, G. and Benchimol, E. I. and Panaccione, R. and Ghosh, S. and Barkema, H. W. and Kaplan, G. G.},
   title = {Increasing incidence and prevalence of the inflammatory bowel diseases with time, based on systematic review},
   journal = {Gastroenterology},
   volume = {142},
   number = {1},
   pages = {46-54.e42; quiz e30},
   ISSN = {0016-5085},
   DOI = {10.1053/j.gastro.2011.10.001},
   url = {http://dx.doi.org/10.1053/j.gastro.2011.10.001},
   year = {2012},
   type = {Journal Article}
}

@article{Monteleone2016,
   author = {Monteleone, G. and Di Sabatino, A. and Ardizzone, S. and Pallone, F. and Usiskin, K. and Zhan, X. and Rossiter, G. and Neurath, M. F.},
   title = {Impact of patient characteristics on the clinical efficacy of mongersen (GED-0301), an oral Smad7 antisense oligonucleotide, in active Crohn's disease},
   journal = {Aliment Pharmacol Ther},
   volume = {43},
   number = {6},
   pages = {717-24},
   ISSN = {0269-2813},
   DOI = {10.1111/apt.13526},
   url = {http://dx.doi.org/10.1111/apt.13526},
   year = {2016},
   type = {Journal Article}
}

@article{Monteleone2015,
   author = {Monteleone, G. and Neurath, M. F. and Ardizzone, S. and Di Sabatino, A. and Fantini, M. C. and Castiglione, F. and Scribano, M. L. and Armuzzi, A. and Caprioli, F. and Sturniolo, G. C. and Rogai, F. and Vecchi, M. and Atreya, R. and Bossa, F. and Onali, S. and Fichera, M. and Corazza, G. R. and Biancone, L. and Savarino, V. and Pica, R. and Orlando, A. and Pallone, F.},
   title = {Mongersen, an oral SMAD7 antisense oligonucleotide, and Crohn's disease},
   journal = {N Engl J Med},
   volume = {372},
   number = {12},
   pages = {1104-13},
   ISSN = {0028-4793},
   DOI = {10.1056/NEJMoa1407250},
   url = {http://dx.doi.org/10.1056/NEJMoa1407250},
   year = {2015},
   type = {Journal Article}
}

@article{Naftali2016,
   author = {Naftali, T. and Reshef, L. and Kovacs, A. and Porat, R. and Amir, I. and Konikoff, F. M. and Gophna, U.},
   title = {Distinct Microbiotas are Associated with Ileum-Restricted and Colon-Involving Crohn's Disease},
   journal = {Inflamm Bowel Dis},
   volume = {22},
   number = {2},
   pages = {293-302},
   ISSN = {1078-0998},
   DOI = {10.1097/mib.0000000000000662},
   url = {http://dx.doi.org/10.1097/mib.0000000000000662},
   year = {2016},
   type = {Journal Article}
}

@Manual{Oksanen2016,
   author = {Jari Oksanen and F. Guillaume Blanchet and Michael Friendly and Roeland Kindt and Pierre Legendre and Dan McGlinn and Peter R. Minchin and R. B. O'Hara and Gavin L. Simpson and Peter Solymos and M. Henry H. Stevens and Eduard Szoecs and Helene Wagner},
   title = {vegan: Community Ecology Package. R package version 2.4-1},,
   url = {https://CRAN.R-project.org/package=vegan},
   year = {2016},
   note = {R package version 2.4-1},
   type = {Manual}
}

@article{Orava2013,
   author = {Orava, E. W. and Jarvik, N. and Shek, Y. L. and Sidhu, S. S. and Gariepy, J.},
   title = {A short DNA aptamer that recognizes TNFalpha and blocks its activity in vitro},
   journal = {ACS Chem Biol},
   volume = {8},
   number = {1},
   pages = {170-8},
   ISSN = {1554-8929},
   DOI = {10.1021/cb3003557},
   url = {http://dx.doi.org/10.1021/cb3003557},
   year = {2013},
   type = {Journal Article}
}

@article{Papa2012,
   author = {Papa, E. and Docktor, M. and Smillie, C. and Weber, S. and Preheim, S. P. and Gevers, D. and Giannoukos, G. and Ciulla, D. and Tabbaa, D. and Ingram, J. and Schauer, D. B. and Ward, D. V. and Korzenik, J. R. and Xavier, R. J. and Bousvaros, A. and Alm, E. J.},
   title = {Non-invasive mapping of the gastrointestinal microbiota identifies children with inflammatory bowel disease},
   journal = {PLoS One},
   volume = {7},
   number = {6},
   pages = {e39242},
   ISSN = {1932-6203},
   DOI = {10.1371/journal.pone.0039242},
   url = {http://dx.doi.org/10.1371/journal.pone.0039242},
   year = {2012},
   type = {Journal Article}
}

@article{Randall2015,
   author = {Randall, C. W. and Vizuete, J. A. and Martinez, N. and Alvarez, J. J. and Garapati, K. V. and Malakouti, M. and Taboada, C. M.},
   title = {From historical perspectives to modern therapy: a review of current and future biological treatments for Crohn's disease},
   journal = {Therap Adv Gastroenterol},
   volume = {8},
   number = {3},
   pages = {143-59},
   ISSN = {1756-283X (Print)1756-283x},
   DOI = {10.1177/1756283x15576462},
   url = {http://dx.doi.org/10.1177/1756283x15576462},
   year = {2015},
   type = {Journal Article}
}

@article{Sandborn2008,
   author = {Sandborn, W. J. and Feagan, B. G. and Fedorak, R. N. and Scherl, E. and Fleisher, M. R. and Katz, S. and Johanns, J. and Blank, M. and Rutgeerts, P.},
   title = {A randomized trial of Ustekinumab, a human interleukin-12/23 monoclonal antibody, in patients with moderate-to-severe Crohn's disease},
   journal = {Gastroenterology},
   volume = {135},
   number = {4},
   pages = {1130-41},
   ISSN = {0016-5085},
   DOI = {10.1053/j.gastro.2008.07.014},
   url = {http://dx.doi.org/10.1053/j.gastro.2008.07.014},
   year = {2008},
   type = {Journal Article}
}

@article{Sandborn2012,
   author = {Sandborn, W. J. and Gasink, C. and Gao, L. L. and Blank, M. A. and Johanns, J. and Guzzo, C. and Sands, B. E. and Hanauer, S. B. and Targan, S. and Rutgeerts, P. and Ghosh, S. and de Villiers, W. J. and Panaccione, R. and Greenberg, G. and Schreiber, S. and Lichtiger, S. and Feagan, B. G.},
   title = {Ustekinumab induction and maintenance therapy in refractory Crohn's disease},
   journal = {N Engl J Med},
   volume = {367},
   number = {16},
   pages = {1519-28},
   ISSN = {1533-4406 (Electronic)0028-4793 (Linking)},
   DOI = {10.1056/NEJMoa1203572},
   url = {http://dx.doi.org/10.1056/NEJMoa1203572},
   year = {2012},
   type = {Journal Article}
}

@article{Sartor2006,
   author = {Sartor, R. B.},
   title = {Mechanisms of disease: pathogenesis of Crohn's disease and ulcerative colitis},
   journal = {Nat Clin Pract Gastroenterol Hepatol},
   volume = {3},
   number = {7},
   pages = {390-407},
   ISSN = {1743-4378 (Print)1743-4378},
   DOI = {10.1038/ncpgasthep0528},
   url = {http://dx.doi.org/10.1038/ncpgasthep0528},
   year = {2006},
   type = {Journal Article}
}

@article{Sartor2016,
   author = {Sartor, R. B. and Wu, G. D.},
   title = {Roles for Intestinal Bacteria, Viruses, and Fungi in Pathogenesis of Inflammatory Bowel Diseases and Therapeutic Approaches},
   journal = {Gastroenterology},
   ISSN = {0016-5085},
   DOI = {10.1053/j.gastro.2016.10.012},
   url = {http://dx.doi.org/10.1053/j.gastro.2016.10.012},
   year = {2016},
   type = {Journal Article}
}

@article{Schloss2008,
   author = {Schloss, P. D.},
   title = {Evaluating different approaches that test whether microbial communities have the same structure},
   journal = {ISME J.},
   volume = {2},
   number = {3},
   pages = {265-75},
   ISSN = {1751-7362 (Print)},
   url = {http://www.ncbi.nlm.nih.gov/entrez/query.fcgi?cmd=Retrieve&db=PubMed&dopt=Citation&list_uids=18239608 },
   year = {2008},
   type = {Journal Article}
}

@article{Schloss2011,
   author = {Schloss, P. D. and Gevers, D. and Westcott, S. L.},
   title = {Reducing the effects of PCR amplification and sequencing artifacts on 16S rRNA-based studies},
   journal = {PLoS One},
   volume = {6},
   number = {12},
   pages = {e27310},
   ISSN = {1932-6203},
   DOI = {10.1371/journal.pone.0027310},
   url = {http://dx.doi.org/10.1371/journal.pone.0027310},
   year = {2011},
   type = {Journal Article}
}

@article{Schloss2011b,
   author = {Schloss, P. D. and Westcott, S. L.},
   title = {Assessing and improving methods used in operational taxonomic unit-based approaches for 16S rRNA gene sequence analysis},
   journal = {Appl Environ Microbiol},
   volume = {77},
   number = {10},
   pages = {3219-26},
   ISSN = {1098-5336 (Electronic)
0099-2240 (Linking)},
   DOI = {10.1128/AEM.02810-10},
   url = {http://www.ncbi.nlm.nih.gov/pubmed/21421784},
   year = {2011},
   type = {Journal Article}
}

@article{Segata2011,
   author = {Segata, N. and Izard, J. and Waldron, L. and Gevers, D. and Miropolsky, L. and Garrett, W. S. and Huttenhower, C.},
   title = {Metagenomic biomarker discovery and explanation},
   journal = {Genome Biol},
   volume = {12},
   number = {6},
   pages = {R60},
   ISSN = {1465-6914 (Electronic)
1465-6906 (Linking)},
   DOI = {10.1186/gb-2011-12-6-r60},
   url = {http://www.ncbi.nlm.nih.gov/pubmed/21702898},
   year = {2011},
   type = {Journal Article}
}

@book{Sokal1995,
   author = {Sokal, Robert R. and Rohlf, F. James},
   title = {Biometry: the principles and practice of statistics in biological research},
   publisher = {Freeman},
   address = {New York},
   edition = {3rd},
   pages = {xix, 887},
   ISBN = {0716724111},
   year = {1995},
   type = {Book}
}

@article{Tedjo2016,
   author = {Tedjo, Danyta. I. and Smolinska, Agnieszka and Savelkoul, Paul H. and Masclee, Ad A. and Schooten, Frederik J. van and Pierik, Marieke J. and Penders, John and Jonkers, Daisy M. A. E.},
   title = {The fecal microbiota as a biomarker for disease activity in Crohn's disease},
   journal = {Scientific Reports, Published online: 13 October 2016; | doi:10.1038/srep35216},
   DOI = {doi:10.1038/srep35216},
   url = {http://www.nature.com/articles/srep35216},
   year = {2016},
   type = {Journal Article}
}

@article{Vandeputte2016,
   author = {Vandeputte, D. and Falony, G. and Vieira-Silva, S. and Tito, R. Y. and Joossens, M. and Raes, J.},
   title = {Original article: Stool consistency is strongly associated with gut microbiota richness and composition, enterotypes and bacterial growth rates},
   journal = {Gut},
   volume = {65},
   number = {1},
   pages = {57-62},
   ISSN = {0017-5749 (Print)1468-3288 (Electronic)},
   DOI = {10.1136/gutjnl-2015-309618},
   url = {https://www.ncbi.nlm.nih.gov/pmc/articles/PMC4717365/},
   year = {2016},
   type = {Journal Article}
}

@article{Wang2016,
   author = {Wang, F. and Kaplan, J. L. and Gold, B. D. and Bhasin, M. K. and Ward, N. L. and Kellermayer, R. and Kirschner, B. S. and Heyman, M. B. and Dowd, S. E. and Cox, S. B. and Dogan, H. and Steven, B. and Ferry, G. D. and Cohen, S. A. and Baldassano, R. N. and Moran, C. J. and Garnett, E. A. and Drake, L. and Otu, H. H. and Mirny, L. A. and Libermann, T. A. and Winter, H. S. and Korolev, K. S.},
   title = {Detecting Microbial Dysbiosis Associated with Pediatric Crohn Disease Despite the High Variability of the Gut Microbiota},
   journal = {Cell Rep},
   DOI = {10.1016/j.celrep.2015.12.088},
   url = {http://dx.doi.org/10.1016/j.celrep.2015.12.088},
   year = {2016},
   type = {Journal Article}
}

@article{Wang2007,
   author = {Wang, Q. and Garrity, G. M. and Tiedje, J. M. and Cole, J. R.},
   title = {Naive Bayesian classifier for rapid assignment of rRNA sequences into the new bacterial taxonomy},
   journal = {Appl Environ Microbiol},
   volume = {73},
   number = {16},
   pages = {5261-7},
   ISSN = {0099-2240 (Print)},
   DOI = {10.1128/AEM.00062-07},
   url = {http://www.ncbi.nlm.nih.gov/entrez/query.fcgi?cmd=Retrieve&db=PubMed&dopt=Citation&list_uids=17586664 },
   year = {2007},
   type = {Journal Article}
}

@article{Wils2015,
   author = {Wils, P. and Bouhnik, Y. and Michetti, P. and Flourie, B. and Brixi, H. and Bourrier, A. and Allez, M. and Duclos, B. and Grimaud, J. C. and Buisson, A. and Amiot, A. and Fumery, M. and Roblin, X. and Peyrin-Biroulet, L. and Filippi, J. and Bouguen, G. and Abitbol, V. and Coffin, B. and Simon, M. and Laharie, D. and Pariente, B.},
   title = {Subcutaneous Ustekinumab Provides Clinical Benefit for Two-Thirds of Patients With Crohn's Disease Refractory to Anti-Tumor Necrosis Factor Agents},
   journal = {Clin Gastroenterol Hepatol},
   ISSN = {1542-3565},
   DOI = {10.1016/j.cgh.2015.09.018},
   url = {http://dx.doi.org/10.1016/j.cgh.2015.09.018},
   year = {2015},
   type = {Journal Article}
}

@article{Wright2015,
   author = {Wright, E. K. and Kamm, M. A. and Teo, S. M. and Inouye, M. and Wagner, J. and Kirkwood, C. D.},
   title = {Recent advances in characterizing the gastrointestinal microbiome in Crohn's disease: a systematic review},
   journal = {Inflamm Bowel Dis},
   volume = {21},
   number = {6},
   pages = {1219-28},
   ISSN = {1078-0998},
   DOI = {10.1097/mib.0000000000000382},
   url = {http://dx.doi.org/10.1097/mib.0000000000000382},
   year = {2015},
   type = {Journal Article}
}

@article{Yue2005,
   author = {Yue, J. C. and Clayton, M. K.},
   title = {A similarity measure based on species proportions},
   journal = {Communications in Statistics-Theory and Methods},
   volume = {34},
   number = {11},
   pages = {2123-2131},
   url = {<Go to ISI>://000233019600005},
   year = {2005},
   type = {Journal Article}
}

@article{Zackular2014,
   author = {Zackular, J. P. and Rogers, M. A. and Ruffin, M. T. th and Schloss, P. D.},
   title = {The human gut microbiome as a screening tool for colorectal cancer},
   journal = {Cancer Prev Res (Phila)},
   volume = {7},
   number = {11},
   pages = {1112-21},
   ISSN = {1940-6215},
   DOI = {10.1158/1940-6207.capr-14-0129},
   url = {http://dx.doi.org/10.1158/1940-6207.capr-14-0129},
   year = {2014},
   type = {Journal Article}
}


