@article{ananthakrishnan_epidemiology_2015,
	title = {Epidemiology and risk factors for {IBD}},
	volume = {12},
	url = {http://dx.doi.org/10.1038/nrgastro.2015.34},
	pages = {205--217},
	number = {4},
	journaltitle = {Nat Rev Gastroenterol Hepatol},
	author = {Ananthakrishnan, A. N.},
	date = {2015}
}

@article{ardizzone_mongersen_2016,
	title = {Mongersen, an oral Smad7 antisense oligonucleotide, in patients with active Crohnâ€™s disease},
	volume = {9},
	url = {http://dx.doi.org/10.1177/1756283x16636781},
	pages = {527--32},
	number = {4},
	journaltitle = {Therap Adv Gastroenterol},
	author = {Ardizzone, S. and Bevivino, G. and Monteleone, G.},
	date = {2016}
}

@article{baert_mucosalhealing_2010,
	title = {Mucosal healing predicts sustained clinical remission in patients with early-stage Crohn's disease},
	volume = {138},
	url = {http://dx.doi.org/10.1053/j.gastro.2009.09.056},
	pages = {463--8; quiz e10--1},
	number = {2},
	journaltitle = {Gastroenterology},
	author = {Baert, F. and Moortgat, L. and Van Assche, G. and Caenepeel, P. and Vergauwe, P. and De Vos, M. and Stokkers, P. and Hommes, D. and Rutgeerts, P. and Vermeire, S. and D'Haens, G.},
	date = {2010-02},
	note = {Gastroenterology},
	keywords = {Adrenal Cortex Hormones/therapeutic use, Adult, Antibodies, Monoclonal/therapeutic use, Azathioprine/therapeutic use, Crohn Disease/*drug therapy/*physiopathology, Drug Therapy, Combination, Follow-Up Studies, Humans, Immunosuppressive Agents/*therapeutic use, Intestinal Mucosa/*physiopathology, Predictive Value of Tests, Prognosis, Prospective Studies, Remission Induction, Retrospective Studies, Treatment Outcome, Wound Healing/*physiology}
}

@article{baxter_FIT_2016,
	title = {Microbiota-based model improves the sensitivity of fecal immunochemical test for detecting colonic lesions},
	volume = {8},
	url = {http://dx.doi.org/10.1186/s13073-016-0290-3},
	pages = {37},
	number = {1},
	journaltitle = {Genome Med},
	author = {Baxter, N. T. and Ruffin, M. T. th and Rogers, M. A. and Schloss, P. D.},
	date = {2016},
	note = {Genome medicine}
}

@article{boon_fmarkers_2015,
	title = {Are faecal markers good indicators of mucosal healing in inflammatory bowel disease?},
	volume = {21},
	url = {http://dx.doi.org/10.3748/wjg.v21.i40.11469},
	pages = {11469--80},
	number = {40},
	journaltitle = {World J Gastroenterol},
	author = {Boon, G. J. and Day, A. S. and Mulder, C. J. and Gearry, R. B.},
	date = {2015-10-28},
	note = {World journal of gastroenterology},
	keywords = {*Wound Healing, Biomarkers/metabolism, Colitis, Ulcerative/immunology/*metabolism/pathology/therapy, Crohn Disease/immunology/*metabolism/pathology/therapy, Crohn's disease, Faecal calprotectin, Faecal lactoferrin, Feces/*chemistry, Humans, Inflammation Mediators/*metabolism, Inflammatory bowel disease, Intestinal Mucosa/immunology/*metabolism/pathology, Mucosal healing, Predictive Value of Tests, Severity of Illness Index, Treatment Outcome, Ulcerative colitis}
}

@article{boyapati_pathCD_2015,
	title = {Pathogenesis of Crohn's disease},
	volume = {7},
	url = {http://dx.doi.org/10.12703/p7-44},
	pages = {44},
	journaltitle = {F1000Prime Rep},
	author = {Boyapati, R. and Satsangi, J. and Ho, G. T.},
	date = {2015},
	note = {F1000prime reports}
}

@article{breiman_rf_2001,
	title = {Random forests},
	volume = {45},
	url = {<Go to ISI>://000170489900001},
	pages = {5--32},
	number = {1},
	journaltitle = {Machine Learning},
	author = {Breiman, L.},
	date = {2001-10},
	note = {Mach Learn},
	keywords = {classification, ensemble, regression}
}

@article{calle_aucrf_2011,
	title = {{AUC}-{RF}: A New Strategy for Genomic Profiling with Random Forest},
	volume = {72},
	url = {http://www.karger.com/Article/Abstract/330778 http://www.karger.com/Article/FullText/330778 http://www.karger.com/Article/Pdf/330778},
	pages = {121--132},
	number = {2},
	journaltitle = {Human Heredity},
	author = {Calle, M. L. and Urrea, V. and Boulesteix, A.-L. and Malats, N.},
	date = {2011},
	keywords = {Random forest, {ROC} curve, Variable selection, {AUC}, Gene identification, Genomic profile,}
}

@article{chang_monitoring_2015,
	title = {Disease monitoring in inflammatory bowel disease},
	volume = {21},
	url = {http://dx.doi.org/10.3748/wjg.v21.i40.11246},
	pages = {11246--59},
	number = {40},
	journaltitle = {World J Gastroenterol},
	author = {Chang, S. and Malter, L. and Hudesman, D.},
	date = {2015-10-28},
	note = {World journal of gastroenterology},
	keywords = {*Diagnostic Techniques, Digestive System, Biomarkers, Biomarkers/blood, Colitis, Ulcerative/blood/*diagnosis/therapy, C-reactive protein, C-Reactive Protein/analysis, Crohn Disease/blood/*diagnosis/therapy, Crohn's disease, Endoscopy, Gastrointestinal, Fecal calprotectin, Fecal immunochemical test, Feces/chemistry, Humans, Immunohistochemistry, Inflammation Mediators/blood, Inflammatory bowel disease, Leukocyte L1 Antigen Complex/analysis, Postoperative recurrence, Predictive Value of Tests, Recurrence, Remission, Remission Induction, Treatment Outcome, Ulcerative colitis}
}

@article{colombel_deepremission_2015,
	title = {Randomised clinical trial: deep remission in biologic and immunomodulator naive patients with Crohn's disease - a {SONIC} post hoc analysis},
	volume = {41},
	url = {http://dx.doi.org/10.1111/apt.13139},
	pages = {734--46},
	number = {8},
	journaltitle = {Aliment Pharmacol Ther},
	author = {Colombel, J. F. and Reinisch, W. and Mantzaris, G. J. and Kornbluth, A. and Rutgeerts, P. and Tang, K. L. and Oortwijn, A. and Bevelander, G. S. and Cornillie, F. J. and Sandborn, W. J.},
	date = {2015-04},
	note = {Alimentary pharmacology \& therapeutics},
	keywords = {Adult, Antibodies, Monoclonal/administration \& dosage/*therapeutic use, Azathioprine/administration \& dosage/*therapeutic use, C-Reactive Protein/metabolism, Crohn Disease/*drug therapy, Drug Therapy, Combination, Endoscopy, Gastrointestinal, Female, Gastrointestinal Agents/administration \& dosage/*therapeutic use, Humans, Immunosuppressive Agents/administration \& dosage/*therapeutic use, Intestinal Mucosa/metabolism, Male, Patient Acuity, Quality of Life, Remission Induction}
}

@article{edgar_uchime_2011,
	title = {{UCHIME} improves sensitivity and speed of chimera detection},
	volume = {27},
	url = {http://www.ncbi.nlm.nih.gov/entrez/query.fcgi?cmd=Retrieve&db=PubMed&dopt=Citation&list_uids=21700674},
	pages = {2194--200},
	number = {16},
	journaltitle = {Bioinformatics},
	author = {Edgar, R. C. and Haas, B. J. and Clemente, J. C. and Quince, C. and Knight, R.},
	date = {2011-08-15}
}

@article{floyd_economicburden_2015,
	title = {The economic and quality-of-life burden of Crohn's disease in Europe and the United States, 2000 to 2013: a systematic review},
	volume = {60},
	url = {http://dx.doi.org/10.1007/s10620-014-3368-z},
	pages = {299--312},
	number = {2},
	journaltitle = {Dig Dis Sci},
	author = {Floyd, D. N. and Langham, S. and Severac, H. C. and Levesque, B. G.},
	date = {2015-02},
	note = {Digestive diseases and sciences},
	keywords = {*Cost of Illness, *Health Care Costs, *Quality of Life, Adolescent, Adult, Age of Onset, Child, Child, Preschool, Crohn Disease/*economics/epidemiology/*psychology/therapy, Disease Progression, Europe/epidemiology, Health Expenditures, Humans, Infant, Infant, Newborn, Models, Economic, Predictive Value of Tests, Questionnaires, Severity of Illness Index, Time Factors, Treatment Outcome, United States/epidemiology, Young Adult}
}

@article{gevers_pedsCD_2014,
	title = {The treatment-naive microbiome in new-onset Crohn's disease},
	volume = {15},
	url = {http://dx.doi.org/10.1016/j.chom.2014.02.005},
	pages = {382--92},
	number = {3},
	journaltitle = {Cell Host Microbe},
	author = {Gevers, D. and Kugathasan, S. and Denson, L. A. and Vazquez-Baeza, Y. and Van Treuren, W. and Ren, B. and Schwager, E. and Knights, D. and Song, S. J. and Yassour, M. and Morgan, X. C. and Kostic, A. D. and Luo, C. and Gonzalez, A. and {McDonald}, D. and Haberman, Y. and Walters, T. and Baker, S. and Rosh, J. and Stephens, M. and Heyman, M. and Markowitz, J. and Baldassano, R. and Griffiths, A. and Sylvester, F. and Mack, D. and Kim, S. and Crandall, W. and Hyams, J. and Huttenhower, C. and Knight, R. and Xavier, R. J.},
	date = {2014-03-12},
	note = {Cell host \& microbe},
	keywords = {*Dysbiosis, *Microbiota, Adolescent, Bacteria/*classification/isolation \& purification, Child, Child, Preschool, Cohort Studies, Crohn Disease/*complications/*microbiology, Gastrointestinal Tract/*microbiology, Humans, Metagenome}
}

@article{haag_CDpath_2015,
	title = {Intestinal Microbiota and the Innate Immune System - A Crosstalk in Crohn's Disease Pathogenesis},
	volume = {6},
	url = {http://dx.doi.org/10.3389/fimmu.2015.00489},
	pages = {489},
	journaltitle = {Front Immunol},
	author = {Haag, L. M. and Siegmund, B.},
	date = {2015},
	note = {Frontiers in immunology},
	keywords = {Crohn's disease, dysbiosis, inflammation, innate immune system, microbiota}
}

@article{haberman_pedsCD_2014,
	title = {Pediatric Crohn disease patients exhibit specific ileal transcriptome and microbiome signature},
	volume = {124},
	url = {http://dx.doi.org/10.1172/jci75436},
	pages = {3617--33},
	number = {8},
	journaltitle = {J Clin Invest},
	author = {Haberman, Y. and Tickle, T. L. and Dexheimer, P. J. and Kim, M. O. and Tang, D. and Karns, R. and Baldassano, R. N. and Noe, J. D. and Rosh, J. and Markowitz, J. and Heyman, M. B. and Griffiths, A. M. and Crandall, W. V. and Mack, D. R. and Baker, S. S. and Huttenhower, C. and Keljo, D. J. and Hyams, J. S. and Kugathasan, S. and Walters, T. D. and Aronow, B. and Xavier, R. J. and Gevers, D. and Denson, L. A.},
	date = {2014-08},
	note = {The Journal of clinical investigation},
	keywords = {*Microbiota, *Transcriptome, Adolescent, Apolipoprotein A-I/*genetics, Case-Control Studies, Child, Cohort Studies, Colitis, Ulcerative/genetics/microbiology, Crohn Disease/*genetics/*microbiology, Female, Gene Expression Profiling, Humans, Ileum/*metabolism/*microbiology, Male, {NADPH} Oxidase/*genetics, Proteobacteria/isolation \& purification}
}

@article{hansen_pedsIBD_2012,
	title = {Microbiota of de-novo pediatric {IBD}: increased Faecalibacterium prausnitzii and reduced bacterial diversity in Crohn's but not in ulcerative colitis},
	volume = {107},
	url = {http://dx.doi.org/10.1038/ajg.2012.335},
	pages = {1913--22},
	number = {12},
	journaltitle = {Am J Gastroenterol},
	author = {Hansen, R. and Russell, R. K. and Reiff, C. and Louis, P. and {McIntosh}, F. and Berry, S. H. and Mukhopadhya, I. and Bisset, W. M. and Barclay, A. R. and Bishop, J. and Flynn, D. M. and {McGrogan}, P. and Loganathan, S. and Mahdi, G. and Flint, H. J. and El-Omar, E. M. and Hold, G. L.},
	date = {2012-12},
	note = {The American journal of gastroenterology},
	keywords = {Adolescent, Child, Clostridium/genetics/*isolation \& purification, Colitis, Ulcerative/*microbiology, Colony Count, Microbial, Crohn Disease/*microbiology, Female, Humans, Inflammatory Bowel Diseases/microbiology, Male, Real-Time Polymerase Chain Reaction}
}

@article{huang_cort_2015,
	title = {Using corticosteroids to reshape the gut microbiome: implications for inflammatory bowel diseases},
	volume = {21},
	url = {http://dx.doi.org/10.1097/mib.0000000000000332},
	pages = {963--72},
	number = {5},
	journaltitle = {Inflamm Bowel Dis},
	author = {Huang, E. Y. and Inoue, T. and Leone, V. A. and Dalal, S. and Touw, K. and Wang, Y. and Musch, M. W. and Theriault, B. and Higuchi, K. and Donovan, S. and Gilbert, J. and Chang, E. B.},
	date = {2015-05},
	note = {Inflammatory bowel diseases},
	keywords = {Animals, Anti-Inflammatory Agents/pharmacology, Colon/drug effects/microbiology, Dexamethasone/*pharmacology, {DNA}, Bacterial/genetics, Enzyme-Linked Immunosorbent Assay, Feces/microbiology, Gastrointestinal Microbiome/*drug effects, Gastrointestinal Tract/*drug effects/microbiology, Inflammation/*drug therapy/etiology/pathology, Inflammatory Bowel Diseases/*drug therapy/etiology/pathology, Interleukin-10/*physiology, Male, Mice, Mice, Inbred C57BL, Mice, Knockout, Mucin-2/*physiology, Polymerase Chain Reaction, Polymorphism, Restriction Fragment Length, {RNA}, Ribosomal, 16S/genetics}
}

@article{kopylov_ust_2014,
	title = {Subcutaneous ustekinumab for the treatment of anti-{TNF} resistant Crohn's disease--the {McGill} experience},
	volume = {8},
	url = {http://dx.doi.org/10.1016/j.crohns.2014.06.005},
	pages = {1516--22},
	number = {11},
	journaltitle = {J Crohns Colitis},
	author = {Kopylov, U. and Afif, W. and Cohen, A. and Bitton, A. and Wild, G. and Bessissow, T. and Wyse, J. and Al-Taweel, T. and Szilagyi, A. and Seidman, E.},
	date = {2014-11},
	note = {Journal of Crohn's \& colitis},
	keywords = {Adolescent, Adult, Antibodies, Monoclonal, Humanized/*administration \& dosage, Anti-Inflammatory Agents/*administration \& dosage, Biologics, Canada, Crohn Disease/*drug therapy, Crohn's disease, Drug Resistance, Female, Follow-Up Studies, Humans, Injections, Subcutaneous, Male, Middle Aged, Retreatment, Retrospective Studies, {TNF}-alpha inhibitors, Tumor Necrosis Factor-alpha/antagonists \& inhibitors, Ustekinumab, Young Adult}
}

@book{magurran_measuring_2004,
	location = {Malden, Ma.},
	title = {Measuring biological diversity},
	isbn = {0632056339 (pbk.)},
	publisher = {Blackwell Pub.},
	author = {Magurran, Anne E.},
	date = {2004},
	keywords = {Biological diversity Measurement.}
}

@article{manichanh_diversityCD_2006,
	title = {Reduced diversity of faecal microbiota in Crohn's disease revealed by a metagenomic approach},
	volume = {55},
	url = {http://dx.doi.org/10.1136/gut.2005.073817},
	pages = {205--11},
	number = {2},
	journaltitle = {Gut},
	author = {Manichanh, C. and Rigottier-Gois, L. and Bonnaud, E. and Gloux, K. and Pelletier, E. and Frangeul, L. and Nalin, R. and Jarrin, C. and Chardon, P. and Marteau, P. and Roca, J. and Dore, J.},
	date = {2006-02},
	note = {Gut},
	keywords = {Adolescent, Adult, Bacteria/*classification/genetics/isolation \& purification, Bacterial Typing Techniques, Crohn Disease/*microbiology, {DNA}, Bacterial/genetics, Ecosystem, Feces/*microbiology, Female, Gene Library, Humans, In Situ Hybridization, Fluorescence, Male, Phylogeny, {RNA}, Bacterial/genetics, {RNA}, Ribosomal, 16S/genetics}
}

@article{mantzaris_clinical_2015,
	title = {Clinical profiles of moderate and severe Crohn's disease patients and use of anti-tumor necrosis factor agents: Greek expert consensus guidelines},
	volume = {28},
	url = {http://dx.doi.org/},
	pages = {417--25},
	number = {4},
	journaltitle = {Ann Gastroenterol},
	author = {Mantzaris, G. J. and Viazis, N. and Polymeros, D. and Papamichael, K. and Bamias, G. and Koutroubakis, I. E.},
	date = {2015-12},
	note = {Annals of gastroenterology : quarterly publication of the Hellenic Society of Gastroenterology},
	keywords = {anti-tumor necrosis factor-alpha agents, Crohn's disease, expert consensus guidelines, extra-intestinal manifestations, Inflammatory bowel disease}
}

@article{molodecky_increasingIBD_2012,
	title = {Increasing incidence and prevalence of the inflammatory bowel diseases with time, based on systematic review},
	volume = {142},
	url = {http://dx.doi.org/10.1053/j.gastro.2011.10.001},
	pages = {46--54.e42; quiz e30},
	number = {1},
	journaltitle = {Gastroenterology},
	author = {Molodecky, N. A. and Soon, I. S. and Rabi, D. M. and Ghali, W. A. and Ferris, M. and Chernoff, G. and Benchimol, E. I. and Panaccione, R. and Ghosh, S. and Barkema, H. W. and Kaplan, G. G.},
	date = {2012-01},
	note = {Gastroenterology},
	keywords = {Asia/epidemiology, Colitis, Ulcerative/*epidemiology, Crohn Disease/*epidemiology, Developing Countries/statistics \& numerical data, Europe/epidemiology, Global Health, Humans, Incidence, Middle East/epidemiology, North America/epidemiology, Prevalence, Regression Analysis, Residence Characteristics, Time Factors}
}

@article{monteleone_mongersen_2016,
	title = {Impact of patient characteristics on the clinical efficacy of mongersen ({GED}-0301), an oral Smad7 antisense oligonucleotide, in active Crohn's disease},
	volume = {43},
	url = {http://dx.doi.org/10.1111/apt.13526},
	pages = {717--24},
	number = {6},
	journaltitle = {Aliment Pharmacol Ther},
	author = {Monteleone, G. and Di Sabatino, A. and Ardizzone, S. and Pallone, F. and Usiskin, K. and Zhan, X. and Rossiter, G. and Neurath, M. F.},
	date = {2016-03},
	note = {Alimentary pharmacology \& therapeutics},
	keywords = {Adult, C-Reactive Protein/analysis, Crohn Disease/*drug therapy, Dose-Response Relationship, Drug, Female, Humans, Male, Middle Aged, Oligonucleotides, Antisense/adverse effects/*therapeutic use, Oligonucleotides/*pharmacology/*therapeutic use, Remission Induction, Smad7 Protein/adverse effects/*therapeutic use, Treatment Outcome}
}

@article{monteleone_mongersen_2015,
	title = {Mongersen, an oral {SMAD}7 antisense oligonucleotide, and Crohn's disease},
	volume = {372},
	url = {http://dx.doi.org/10.1056/NEJMoa1407250},
	pages = {1104--13},
	number = {12},
	journaltitle = {N Engl J Med},
	author = {Monteleone, G. and Neurath, M. F. and Ardizzone, S. and Di Sabatino, A. and Fantini, M. C. and Castiglione, F. and Scribano, M. L. and Armuzzi, A. and Caprioli, F. and Sturniolo, G. C. and Rogai, F. and Vecchi, M. and Atreya, R. and Bossa, F. and Onali, S. and Fichera, M. and Corazza, G. R. and Biancone, L. and Savarino, V. and Pica, R. and Orlando, A. and Pallone, F.},
	date = {2015-03-19},
	note = {The New England journal of medicine},
	keywords = {Adolescent, Adult, Aged, C-Reactive Protein/analysis, Crohn Disease/*drug therapy, Dose-Response Relationship, Drug, Double-Blind Method, Drug Therapy, Combination, Female, Glucocorticoids/administration \& dosage, Humans, Immunosuppressive Agents/*administration \& dosage/adverse effects, Male, Middle Aged, Oligonucleotides/*administration \& dosage/adverse effects, Oligonucleotides, Antisense/therapeutic use, Remission Induction, Smad7 Protein/*antagonists \& inhibitors, Young Adult}
}

@article{naftali_tissinvol_2016,
	title = {Distinct Microbiotas are Associated with Ileum-Restricted and Colon-Involving Crohn's Disease},
	volume = {22},
	url = {http://dx.doi.org/10.1097/mib.0000000000000662},
	pages = {293--302},
	number = {2},
	journaltitle = {Inflamm Bowel Dis},
	author = {Naftali, T. and Reshef, L. and Kovacs, A. and Porat, R. and Amir, I. and Konikoff, F. M. and Gophna, U.},
	date = {2016-02},
	note = {Inflammatory bowel diseases},
	keywords = {Adult, Case-Control Studies, Colon/*microbiology/pathology, Crohn Disease/genetics/*microbiology/pathology, Female, Follow-Up Studies, Humans, Ileal Diseases/genetics/*microbiology/pathology, Ileum/*microbiology/pathology, Inflammation/genetics/*microbiology/pathology, Male, Microbiota/*genetics, Middle Aged, Prognosis, {RNA}, Ribosomal, 16S/genetics}
}

@article{oksanen_vegan_2016,
	title = {vegan: Community Ecology Package. R package version 2.4-1},
	url = {https://CRAN.R-project.org/package=vegan},
	author = {Oksanen, Jari and Blanchet, F. Guillaume and Friendly, Michael and Kindt, Roeland and Legendre, Pierre and {McGlinn}, Dan and Minchin, Peter R. and O'Hara, R. B. and Simpson, Gavin L. and Solymos, Peter and Stevens, M. Henry H. and Szoecs, Eduard and Wagner, Helene},
	date = {2016}
}

@article{orava_short_2013,
	title = {A short {DNA} aptamer that recognizes {TNFalpha} and blocks its activity in vitro},
	volume = {8},
	url = {http://dx.doi.org/10.1021/cb3003557},
	pages = {170--8},
	number = {1},
	journaltitle = {{ACS} Chem Biol},
	author = {Orava, E. W. and Jarvik, N. and Shek, Y. L. and Sidhu, S. S. and Gariepy, J.},
	date = {2013-01-18},
	note = {{ACS} chemical biology},
	keywords = {Animals, Aptamers, Nucleotide/*pharmacology, Base Sequence, Cell Line, Circular Dichroism, Fibroblasts, Humans, Mice, Molecular Sequence Data, Sequence Alignment, Surface Plasmon Resonance, Tumor Necrosis Factor-alpha/*antagonists \& inhibitors}
}

@article{papa_pedsIBD_2012,
	title = {Non-invasive mapping of the gastrointestinal microbiota identifies children with inflammatory bowel disease},
	volume = {7},
	url = {http://dx.doi.org/10.1371/journal.pone.0039242},
	pages = {e39242},
	number = {6},
	journaltitle = {{PLoS} One},
	author = {Papa, E. and Docktor, M. and Smillie, C. and Weber, S. and Preheim, S. P. and Gevers, D. and Giannoukos, G. and Ciulla, D. and Tabbaa, D. and Ingram, J. and Schauer, D. B. and Ward, D. V. and Korzenik, J. R. and Xavier, R. J. and Bousvaros, A. and Alm, E. J.},
	date = {2012},
	note = {{PloS} one},
	keywords = {*Metagenome/genetics, Adolescent, Adult, Anti-Bacterial Agents/therapeutic use, Biodiversity, Child, Child, Preschool, Cohort Studies, Colitis, Ulcerative/diagnosis/microbiology/pathology, Crohn Disease/diagnosis/microbiology/pathology, Demography, Diagnosis, Differential, Feces/microbiology, Female, Gastrointestinal Tract/*microbiology/*pathology, Humans, Inflammatory Bowel Diseases/classification/*diagnosis/drug therapy/*microbiology, Leukocyte L1 Antigen Complex/metabolism, Male, Remission Induction, Reproducibility of Results, Severity of Illness Index, Software, Young Adult}
}

@article{randall_CDbiologics_2015,
	title = {From historical perspectives to modern therapy: a review of current and future biological treatments for Crohn's disease},
	volume = {8},
	url = {http://dx.doi.org/10.1177/1756283x15576462},
	pages = {143--59},
	number = {3},
	journaltitle = {Therap Adv Gastroenterol},
	author = {Randall, C. W. and Vizuete, J. A. and Martinez, N. and Alvarez, J. J. and Garapati, K. V. and Malakouti, M. and Taboada, C. M.},
	date = {2015-05},
	note = {Therapeutic advances in gastroenterology},
	keywords = {anti-{TNF}, Biologics, Crohn's disease, Inflammatory bowel disease}
}

@article{sandborn_ust_2008,
	title = {A randomized trial of Ustekinumab, a human interleukin-12/23 monoclonal antibody, in patients with moderate-to-severe Crohn's disease},
	volume = {135},
	url = {http://dx.doi.org/10.1053/j.gastro.2008.07.014},
	pages = {1130--41},
	number = {4},
	journaltitle = {Gastroenterology},
	author = {Sandborn, W. J. and Feagan, B. G. and Fedorak, R. N. and Scherl, E. and Fleisher, M. R. and Katz, S. and Johanns, J. and Blank, M. and Rutgeerts, P.},
	date = {2008-10},
	note = {Gastroenterology},
	keywords = {Adult, Antibodies, Monoclonal/*administration \& dosage/adverse effects, Antibodies, Monoclonal, Humanized, Crohn Disease/*drug therapy/*immunology, Cross-Over Studies, Female, Humans, Immunosuppressive Agents/*administration \& dosage/adverse effects, Interleukin-12/*antagonists \& inhibitors/immunology, Interleukin-23/*antagonists \& inhibitors/immunology, Male, Middle Aged, Severity of Illness Index, Treatment Outcome}
}

@article{sandborn_ust_2012,
	title = {Ustekinumab induction and maintenance therapy in refractory Crohn's disease},
	volume = {367},
	url = {http://dx.doi.org/10.1056/NEJMoa1203572},
	pages = {1519--28},
	number = {16},
	journaltitle = {N Engl J Med},
	author = {Sandborn, W. J. and Gasink, C. and Gao, L. L. and Blank, M. A. and Johanns, J. and Guzzo, C. and Sands, B. E. and Hanauer, S. B. and Targan, S. and Rutgeerts, P. and Ghosh, S. and de Villiers, W. J. and Panaccione, R. and Greenberg, G. and Schreiber, S. and Lichtiger, S. and Feagan, B. G.},
	date = {2012-10-18},
	keywords = {Adult, Antibodies, Monoclonal/adverse effects/ therapeutic use, Antibodies, Monoclonal, Humanized, Crohn Disease/classification/ drug therapy, Double-Blind Method, Drug Resistance, Female, Humans, Induction Chemotherapy, Maintenance Chemotherapy, Male, Middle Aged, Remission Induction, Severity of Illness Index, Tumor Necrosis Factors/ antagonists \& inhibitors}
}

@article{sartor_IBDpath_2006,
	title = {Mechanisms of disease: pathogenesis of Crohn's disease and ulcerative colitis},
	volume = {3},
	url = {http://dx.doi.org/10.1038/ncpgasthep0528},
	pages = {390--407},
	number = {7},
	journaltitle = {Nat Clin Pract Gastroenterol Hepatol},
	author = {Sartor, R. B.},
	date = {2006-07},
	note = {Nature clinical practice. Gastroenterology \& hepatology},
	keywords = {Animals, Antibodies, Bacterial/genetics/immunology, Colitis, Ulcerative/genetics/immunology/*physiopathology, Crohn Disease/genetics/immunology/*physiopathology, Disease Models, Animal, Enterobacteriaceae/immunology, Histocompatibility Antigens Class {II}/genetics/immunology, Humans, Intestinal Mucosa/immunology/microbiology/physiopathology, T-Lymphocytes/immunology}
}

@article{sartor_microbesIBD_2016,
	title = {Roles for Intestinal Bacteria, Viruses, and Fungi in Pathogenesis of Inflammatory Bowel Diseases and Therapeutic Approaches},
	url = {http://dx.doi.org/10.1053/j.gastro.2016.10.012},
	journaltitle = {Gastroenterology},
	author = {Sartor, R. B. and Wu, G. D.},
	date = {2016-10-18},
	note = {Gastroenterology},
	keywords = {dysbiosis, fecal transplant, personalized therapy, viruses}
}

@article{schloss_commstruct_2008,
	title = {Evaluating different approaches that test whether microbial communities have the same structure},
	volume = {2},
	url = {http://www.ncbi.nlm.nih.gov/entrez/query.fcgi?cmd=Retrieve&db=PubMed&dopt=Citation&list_uids=18239608},
	pages = {265--75},
	number = {3},
	journaltitle = {{ISME} J.},
	author = {Schloss, P. D.},
	date = {2008-03},
	note = {The {ISME} journal},
	keywords = {*Ecosystem, *Environmental Microbiology, *Monte Carlo Method, Cluster Analysis, Computational Biology/*methods, Phylogeny, {RNA}, Ribosomal, 16S/genetics}
}

@article{schloss_PCRartifacts_2011,
	title = {Reducing the effects of {PCR} amplification and sequencing artifacts on 16S {rRNA}-based studies},
	volume = {6},
	url = {http://dx.doi.org/10.1371/journal.pone.0027310},
	pages = {e27310},
	number = {12},
	journaltitle = {{PLoS} One},
	author = {Schloss, P. D. and Gevers, D. and Westcott, S. L.},
	date = {2011},
	note = {{PloS} one},
	keywords = {*Artifacts, Algorithms, Base Sequence, Biodiversity, Cluster Analysis, {DNA}, Bacterial/analysis/genetics, {DNA} Primers/metabolism, Humans, Metagenome/genetics, Phylogeny, Polymerase Chain Reaction/*methods, {RNA}, Ribosomal, 16S/analysis/*genetics, Sequence Alignment, Sequence Analysis, {DNA}/*methods}
}

@article{schloss_OTUanalysis_2011,
	title = {Assessing and improving methods used in operational taxonomic unit-based approaches for 16S {rRNA} gene sequence analysis},
	volume = {77},
	url = {http://www.ncbi.nlm.nih.gov/pubmed/21421784},
	pages = {3219--26},
	number = {10},
	journaltitle = {Appl Environ Microbiol},
	author = {Schloss, P. D. and Westcott, S. L.},
	date = {2011-05},
	note = {Applied and environmental microbiology},
	keywords = {Cluster Analysis, Computational Biology/*methods, {DNA}, Bacterial/chemistry/genetics, {DNA}, Ribosomal/chemistry/genetics, Metagenomics/*methods, Phylogeny, {RNA}, Ribosomal, 16S/*genetics, Sequence Analysis/*methods}
}

@article{segata_biomarker_2011,
	title = {Metagenomic biomarker discovery and explanation},
	volume = {12},
	url = {http://www.ncbi.nlm.nih.gov/pubmed/21702898},
	pages = {R60},
	number = {6},
	journaltitle = {Genome Biol},
	author = {Segata, N. and Izard, J. and Waldron, L. and Gevers, D. and Miropolsky, L. and Garrett, W. S. and Huttenhower, C.},
	date = {2011},
	note = {Genome biology},
	keywords = {*Biological Markers, *Metagenome, *Software, Adult, Animals, Bacteria/classification, Colitis, Ulcerative/microbiology, Data Mining, Humans, Infant, Metagenomics/*methods, Mice, Mice, Inbred {BALB} C, Mice, Knockout, Mucous Membrane/microbiology, Sensitivity and Specificity, Viruses/classification}
}

@book{sokal_biometrystats_1995,
	location = {New York},
	edition = {3rd},
	title = {Biometry: the principles and practice of statistics in biological research},
	isbn = {0-7167-2411-1},
	publisher = {Freeman},
	author = {Sokal, Robert R. and Rohlf, F. James},
	date = {1995},
	keywords = {Biometry.}
}

@article{tedjo_CDactivity_2016,
	title = {The fecal microbiota as a biomarker for disease activity in Crohnâ€™s disease},
	url = {http://www.nature.com/articles/srep35216},
	journaltitle = {Scientific Reports, Published online: 13 October 2016; {\textbar} doi:10.1038/srep35216},
	author = {Tedjo, Danyta I. and Smolinska, Agnieszka and Savelkoul, Paul H. and Masclee, Ad A. and Schooten, Frederik J. van and Pierik, Marieke J. and Penders, John and Jonkers, Daisy M. A. E.},
	date = {2016},
	langid = {english}
}

@article{vandeputte_stoolcon_2016,
	title = {Original article: Stool consistency is strongly associated with gut microbiota richness and composition, enterotypes and bacterial growth rates},
	volume = {65},
	url = {https://www.ncbi.nlm.nih.gov/pmc/articles/PMC4717365/},
	pages = {57--62},
	number = {1},
	journaltitle = {Gut},
	author = {Vandeputte, D. and Falony, G. and Vieira-Silva, S. and Tito, R. Y. and Joossens, M. and Raes, J.},
	date = {2016}
}

@article{wang_pedsCD_2016,
	title = {Detecting Microbial Dysbiosis Associated with Pediatric Crohn Disease Despite the High Variability of the Gut Microbiota},
	url = {http://dx.doi.org/10.1016/j.celrep.2015.12.088},
	journaltitle = {Cell Rep},
	author = {Wang, F. and Kaplan, J. L. and Gold, B. D. and Bhasin, M. K. and Ward, N. L. and Kellermayer, R. and Kirschner, B. S. and Heyman, M. B. and Dowd, S. E. and Cox, S. B. and Dogan, H. and Steven, B. and Ferry, G. D. and Cohen, S. A. and Baldassano, R. N. and Moran, C. J. and Garnett, E. A. and Drake, L. and Otu, H. H. and Mirny, L. A. and Libermann, T. A. and Winter, H. S. and Korolev, K. S.},
	date = {2016-01-19},
	note = {Cell reports}
}

@article{wang_taxonomy_2007,
	title = {Naive Bayesian classifier for rapid assignment of {rRNA} sequences into the new bacterial taxonomy},
	volume = {73},
	url = {http://www.ncbi.nlm.nih.gov/entrez/query.fcgi?cmd=Retrieve&db=PubMed&dopt=Citation&list_uids=17586664},
	pages = {5261--7},
	number = {16},
	journaltitle = {Appl Environ Microbiol},
	author = {Wang, Q. and Garrity, G. M. and Tiedje, J. M. and Cole, J. R.},
	date = {2007-08},
	note = {Applied and environmental microbiology},
	keywords = {*Bayes Theorem, Algorithms, Bacteria/*classification/*genetics, Classification/methods, Databases, Nucleic Acid, Phylogeny, {RNA}, Ribosomal, 16S/genetics, {RNA}, Ribosomal/*genetics}
}

@article{wils_ust_2015,
	title = {Subcutaneous Ustekinumab Provides Clinical Benefit for Two-Thirds of Patients With Crohn's Disease Refractory to Anti-Tumor Necrosis Factor Agents},
	url = {http://dx.doi.org/10.1016/j.cgh.2015.09.018},
	journaltitle = {Clin Gastroenterol Hepatol},
	author = {Wils, P. and Bouhnik, Y. and Michetti, P. and Flourie, B. and Brixi, H. and Bourrier, A. and Allez, M. and Duclos, B. and Grimaud, J. C. and Buisson, A. and Amiot, A. and Fumery, M. and Roblin, X. and Peyrin-Biroulet, L. and Filippi, J. and Bouguen, G. and Abitbol, V. and Coffin, B. and Simon, M. and Laharie, D. and Pariente, B.},
	date = {2015-09-29},
	note = {Clinical gastroenterology and hepatology : the official clinical practice journal of the American Gastroenterological Association},
	keywords = {Il12, Il23, immunosuppressant, Inflammatory bowel disease}
}

@article{wright_CDmicrobiome_2015,
	title = {Recent advances in characterizing the gastrointestinal microbiome in Crohn's disease: a systematic review},
	volume = {21},
	url = {http://dx.doi.org/10.1097/mib.0000000000000382},
	pages = {1219--28},
	number = {6},
	journaltitle = {Inflamm Bowel Dis},
	author = {Wright, E. K. and Kamm, M. A. and Teo, S. M. and Inouye, M. and Wagner, J. and Kirkwood, C. D.},
	date = {2015-06},
	note = {Inflammatory bowel diseases}
}

@article{yue_thetaYC_2005,
	title = {A similarity measure based on species proportions},
	volume = {34},
	url = {<Go to ISI>://000233019600005},
	pages = {2123--2131},
	number = {11},
	journaltitle = {Communications in Statistics-Theory and Methods},
	author = {Yue, J. C. and Clayton, M. K.},
	date = {2005},
	note = {Commun Stat Theor M
Commun Stat Theor M},
	keywords = {bootstrap, delta method, estimator, jaccard's index, maximum likelihood estimator, similarity index, species diversity}
}

@article{zackular_CRC_2014,
	title = {The human gut microbiome as a screening tool for colorectal cancer},
	volume = {7},
	url = {http://dx.doi.org/10.1158/1940-6207.capr-14-0129},
	pages = {1112--21},
	number = {11},
	journaltitle = {Cancer Prev Res (Phila)},
	author = {Zackular, J. P. and Rogers, M. A. and Ruffin, M. T. th and Schloss, P. D.},
	date = {2014-11},
	note = {Cancer prevention research (Philadelphia, Pa.)},
	keywords = {*Microbiota, Adenoma, Aged, Area Under Curve, Bayes Theorem, Biological Markers/metabolism, Carcinoma, Colorectal Neoplasms/diagnosis/*microbiology, Early Detection of Cancer/*methods, Feces/microbiology, Female, Humans, Intestines/*microbiology, Male, Middle Aged, Occult Blood, Predictive Value of Tests, Probability, Risk Factors, {RNA}, Ribosomal, 16S/metabolism}
}

@article{schloss_mothur_2009,
   author = {Schloss, P. D. and Westcott, S. L. and Ryabin, T. and Hall, J. R. and Hartmann, M. and Hollister, E. B. and Lesniewski, R. A. and Oakley, B. B. and Parks, D. H. and Robinson, C. J. and Sahl, J. W. and Stres, B. and Thallinger, G. G. and Van Horn, D. J. and Weber, C. F.},
   title = {Introducing mothur: open-source, platform-independent, community-supported software for describing and comparing microbial communities},
   journal = {Appl Environ Microbiol},
   volume = {75},
   number = {23},
   pages = {7537-41},
   ISSN = {0099-2240},
   DOI = {10.1128/aem.01541-09},
   url = {http://dx.doi.org/10.1128/aem.01541-09},
   year = {2009},
   type = {Journal Article}
}


@article{Benjamini_Hochberg_1995,
   author = {Benjamini, Yoav and Hochberg, Yosef},
   title = {Controlling the false discovery rate: a practical and powerful approach to multiple testing.},
   journal = {Journal of the Royal Statistical Society. Series B (Methodological)},
   volume = {57},
   number = {1},
   pages = {289-300},
   ISSN = {00359246},
   DOI = {10.2307/2346101},
   url = {https://www.jstor.org/stable/2346101},
   year = {1995},
   type = {Journal Article}
}

@article{friedman_1937,
   author = {Friedman, Milton},
   title = {The Use of Ranks to Avoid the Assumption of Normality Implicit in the Analysis of Variance},
   journal = {Journal of the American Statistical Association},
   volume = {32},
   number = {200},
   pages = {675-701},
   DOI = {10.2307/2279372},
   url = {http://www.jstor.org/stable/2279372},
   year = {1937},
   type = {Journal Article}
}

@article{Seekatz_cdiff_2016,
   author = {Seekatz, A. M. and Rao, K. and Santhosh, K. and Young, V. B.},
   title = {Dynamics of the fecal microbiome in patients with recurrent and nonrecurrent Clostridium difficile infection},
   journal = {Genome Med},
   volume = {8},
   ISSN = {1756-994X (Electronic)},
   DOI = {10.1186/s13073-016-0298-8},
   url = {http://dx.doi.org/10.1186/s13073-016-0298-8},
   year = {2016},
   type = {Journal Article}
}

@article{Schubert_cdiff_2014,
   author = {Schubert, A. M. and Rogers, M. A. M. and Ring, C. and Mogle, J. and Petrosino, J. P. and Young, V. B. and Aronoff, D. M. and Schloss, P. D.},
   title = {Microbiome Data Distinguish Patients with Clostridium difficile Infection and Non-C. difficile-Associated Diarrhea from Healthy Controls},
   journal = {mBio},
   volume = {5},
   number = {3},
   ISSN = {2150-7511 (Electronic)},
   DOI = {10.1128/mBio.01021-14},
   url = {http://dx.doi.org/10.1128/mBio.01021-14},
   year = {2014},
   type = {Journal Article}
}

@article{Wang_cvdrisk_2016,
   author = {Wang, Y. and Ames, N. P. and Tun, H. M. and Tosh, S. M. and Jones, P. J. and Khafipour, E.},
   title = {High Molecular Weight Barley Î²-Glucan Alters Gut Microbiota Toward Reduced Cardiovascular Disease Risk},
   journal = {Front Microbiol},
   volume = {7},
   ISSN = {1664-302X (Electronic)},
   DOI = {10.3389/fmicb.2016.00129},
   url = {http://dx.doi.org/10.3389/fmicb.2016.00129},
   year = {2016},
   type = {Journal Article}
}

@article{Huang_gingivitis_2014,
   author = {Huang, S. and Li, R. and Zeng, X. and He, T. and Zhao, H. and Chang, A. and Bo, C. and Chen, J. and Yang, F. and Knight, R. and Liu, J. and Davis, C. and Xu, J.},
   title = {Predictive modeling of gingivitis severity and susceptibility via oral microbiota},
   journal = {ISME J},
   volume = {8},
   number = {9},
   pages = {1768-80},
   ISSN = {1751-7362 (Print)1751-7370 (Electronic)},
   DOI = {10.1038/ismej.2014.32},
   url = {http://dx.doi.org/10.1038/ismej.2014.32},
   year = {2014},
   type = {Journal Article}
}

@inbook{Korpela_diet_2014,
   author = {Korpela, K. and Flint, H. J. and Johnstone, A. M. and Lappi, J. and Poutanen, K. and Dewulf, E. and Delzenne, N. and de Vos, W. M. and Salonen, A.},
   title = {Gut Microbiota Signatures Predict Host and Microbiota Responses to Dietary Interventions in Obese Individuals},
   journal = {PLoS One},
   volume = {9},
   ISSN = {1932-6203},
   DOI = {10.1371/journal.pone.0090702},
   url = {http://dx.doi.org/10.1371/journal.pone.0090702},
   year = {2014},
   type = {Journal Article}
}

@article{Gilbert_diseases_2016,
   author = {Gilbert, Jack A. and Quinn, Robert A. and Debelius, Justine and Xu, Zhenjiang Z. and Morton, James and Garg, Neha and Jansson, Janet K. and Dorrestein, Pieter C. and Knight, Rob},
   title = {Microbiome-wide association studies link dynamic microbial consortia to disease},
   journal = {Nature},
   volume = {535},
   pages = {94-103},
   ISSN = {0028-0836},
   DOI = {doi:10.1038/nature18850},
   url = {http://www.nature.com/nature/journal/v535/n7610/full/nature18850.html},
   year = {2016},
   type = {Journal Article}
}

@article{Shoaie_diet_2015,
   author = {Shoaie, S. and Ghaffari, P. and Kovatcheva-Datchary, P. and Mardinoglu, A. and Sen, P. and Pujos-Guillot, E. and de Wouters, T. and Juste, C. and Rizkalla, S. and Chilloux, J. and Hoyles, L. and Nicholson, J. K. and Dore, J. and Dumas, M. E. and Clement, K. and Backhed, F. and Nielsen, J.},
   title = {Quantifying Diet-Induced Metabolic Changes of the Human Gut Microbiome},
   journal = {Cell Metab},
   volume = {22},
   number = {2},
   pages = {320-31},
   ISSN = {1550-4131},
   DOI = {10.1016/j.cmet.2015.07.001},
   url = {http://dx.doi.org/10.1016/j.cmet.2015.07.001},
   year = {2015},
   type = {Journal Article}
}

@article{Schubert_cdiff_2016,
   author = {Schubert, A. M. and Sinani, H. and Schloss, P. D.},
   title = {Antibiotic-Induced Alterations of the Murine Gut Microbiota and Subsequent Effects on Colonization Resistance against Clostridium difficile},
   journal = {MBio},
   volume = {6},
   number = {4},
   pages = {e00974},
   DOI = {10.1128/mBio.00974-15},
   url = {http://dx.doi.org/10.1128/mBio.00974-15},
   year = {2015},
   type = {Journal Article}
}

@article{Ananthakrishnan_IBD_2017,
   author = {Ananthakrishnan, A. N. and Luo, C. and Yajnik, V. and Khalili, H. and Garber, J. J. and Stevens, B. W. and Cleland, T. and Xavier, R. J.},
   title = {Gut Microbiome Function Predicts Response to Anti-integrin Biologic Therapy in Inflammatory Bowel Diseases},
   journal = {Cell Host Microbe},
   volume = {21},
   number = {5},
   pages = {603-610.e3},
   ISSN = {1931-3128},
   DOI = {10.1016/j.chom.2017.04.010},
   url = {http://dx.doi.org/10.1016/j.chom.2017.04.010},
   year = {2017},
   type = {Journal Article}
}